1530 2517
163 116 245 155 180
562 116 643 153 DE
673 116 1074 154 lMlTATIONE

590 358 850 404 CAPUT
910 359 1056 403 Lns'.

309 472 379 514 De
413 471 589 513 diversis
626 472 812 513 motibus
845 478 1032 512 naturae
1066 480 1105 513 ei
1136 474 1328 528 gratiae.

245 620 284 659 1.
315 603 435 669 Fili,
464 619 708 674 diligenter
734 619 918 660 adverte
935 623 1086 660 motus
1105 624 1294 660 naturae
1314 623 1360 660 et
1376 631 1477 673 gra-

158 695 273 743 tiae,
302 693 408 746 quia
425 690 556 731 valde
583 692 812 732 contrarie
839 695 884 732 et
903 691 1132 732 subtiliter
1147 696 1405 737 moventur,
1434 697 1479 732 et

157 764 233 803 vix
249 763 334 802 nisi
355 774 382 802 a
399 761 627 815 spirituali
656 765 702 803 et
724 761 883 801 intimo
910 760 1165 801 illuminato
1188 760 1369 803 homine
1389 762 1476 802 dis-

160 836 416 874 cernuntur.
480 832 646 872 Omnes
673 831 856 886 quidem
878 831 1048 871 bonum
1077 836 1295 884 appetunt
1327 838 1372 873 et
1397 832 1476 871 ali-

160 902 268 958 quid
282 902 392 944 boni
415 902 463 942 in
488 902 581 942 suis
609 901 741 943 dictis
764 901 838 942 vel
859 899 994 942 factis
1011 901 1335 955 praetendunt3
1367 901 1473 943 ideo
1493 898 1496 908 ³

158 974 240 1015 sub
260 973 411 1027 specie
426 971 537 1012 boni
553 971 683 1011 multi
695 970 929 1012 falluntur.

241 1043 281 1082 2.
313 1028 490 1083 Natura
507 1041 677 1082 callida
703 1046 794 1092 est,
822 1046 868 1082 et
883 1041 1050 1082 multos
1067 1039 1229 1088 trahit,
1254 1041 1476 1095 illaqueat

156 1117 202 1153 et
228 1112 491 1165 decipit,‘et
517 1123 567 1152 se
593 1117 773 1165 semper
797 1124 878 1165 pro
906 1111 994 1152 fine
1019 1109 1180 1162 habet;
1216 1111 1299 1152 sed
1323 1113 1474 1165 gratia

155 1182 423 1235 simpliciter
450 1180 673 1232 ambulat,
701 1181 756 1221 ab
785 1181 906 1221 omni
931 1182 1083 1235 specie
1109 1181 1231 1221 mala
1259 1181 1471 1231 declinat,

155 1252 366 1293 fallacias
389 1263 498 1291 ⁴non
539 1251 820 1305 praetendit,
871 1255 917 1291 et
957 1252 1109 1291 omnia
1143 1263 1255 1305 pure
1287 1257 1475 1305 propter

153 1324 303 1364 Deum
321 1321 431 1375 agit,
449 1321 496 1360 in
516 1333 604 1375 quo
627 1326 671 1362 et
689 1321 888 1362 finaliter
901 1321 1163 1374 requiescit.

235 1392 274 1433 3.
307 1391 484 1433 Natura
507 1390 649 1431 invite
665 1391 763 1431 vult
781 1391 921 1442 mori,
938 1403 1033 1444 >nec
1047 1391 1214 1444 premi,
1239 1403 1324 1431 nec
1340 1403 1471 1444 supe-

153 1464 270 1513 rari,
288 1475 374 1504 nec
390 1461 580 1502 subesse
592 1491 603 1511 ,
622 1473 707 1502 nec
723 1469 886 1514 sponte
903 1461 1162 1515 subjugari3
1193 1461 1344 1515 gratia
1360 1473 1467 1501 vero

154 1532 308 1574 studet
329 1531 674 1572 mortificationi
698 1531 935 1585 propriae,
969 1532 1145 1572 resistit
1166 1531 1467 1580 sensualitati,

155 1603 334 1657 quaerit
350 1601 527 1655 subjici,
556 1602 731 1654 appetit
745 1601 863 1642 vinci
873 1631 886 1652 ,
917 1613 1003 1642 nec
1017 1601 1206 1654 propria
1221 1600 1318 1641 vult
1334 1600 1468 1641 liber-

151 1678 245 1714 tate
264 1671 418 1726 fungi3
450 1672 532 1712 sub
552 1671 791 1724 disciplina
810 1675 932 1711 amat
947 1672 1114 1722 teneri,
1138 1684 1223 1712 nec
1240 1670 1376 1712 alicui
1395 1684 1469 1711 cu-

151 1744 218 1796 pit
241 1742 489 1791 dominari,
517 1741 600 1783 sed
624 1743 705 1782 sub
730 1742 832 1782 Deo
861 1754 1042 1795 semper
1064 1742 1241 1791 vivere,
1275 1745 1398 1781 stare
1425 1745 1470 1781 et

153 1825 276 1863 esse,
306 1816 441 1866 atque
467 1814 655 1865 propter
671 1812 820 1852 Deum
846 1813 967 1852 omni
984 1810 1207 1852 humanae
1226 1815 1463 1851 creaturae

149 1882 382 1924 humiliter
396 1886 559 1935 parata
577 1887 646 1922 est
661 1881 885 1922 inclinari.

234 1954 273 1993 4.
305 1952 481 1994 Natura
496 1964 578 2006 pro
599 1964 680 1992 suo
702 1951 941 1992 commodo
962 1951 1154 2002 laborat,
1169 1955 1214 1991 et
1226 1950 1334 2004 quid
1350 1950 1466 1990 lucri

152 2035 208 2065 ex
233 2023 324 2064 alio
351 2023 439 2063 sibi
464 2023 723 2075 proveniat,
753 2021 968 2071 attendit3
999 2022 1149 2075 gratia
1176 2025 1348 2069 autem,
1375 2032 1466 2060 non

150 2092 258 2147 quid
275 2092 362 2133 sibi
380 2091 489 2132 utile
510 2097 555 2133 et
572 2091 856 2132 commodum
875 2092 947 2141 sit,
961 2091 1041 2131 sed
1061 2090 1182 2144 quod
1198 2089 1351 2129 multis
1361 2101 1464 2143 pro-

152 2165 288 2213 ficiat,
307 2163 453 2216 magis
473 2162 747 2202 considerat.

233 2235 272 2276 5.
307 2233 481 2274 Natura
505 2231 700 2272 libenter
724 2230 943 2273 honorem
965 2239 1010 2273 et
1025 2231 1327 2272 reverentiam
1347 2228 1463 2268 acci-
