1530 2517
290 139 551 177 CHRISTI
608 141 716 177 LIB.
747 142 778 178 1.
811 143 932 180 CAP.
966 145 1030 181 21.
1049 146 1114 183 22.
1315 145 1367 185 37

127 237 167 279 5.
201 236 251 280 Si
267 235 552 292 frequentius
572 237 628 278 de
646 242 794 279 morte
812 244 913 291 tua,
943 253 1077 294 quam
1095 241 1150 283 de
1169 242 1367 298 longitu-

44 309 150 352 dine
173 309 295 349 vitae
314 309 566 362 cogitares,
592 320 684 349 non
702 307 900 360 dubium,
922 312 1028 365 quin
1053 310 1303 354 ferventius
1320 319 1366 355 te

45 377 328 420 emendares.
388 378 437 421 Si
456 379 594 420 etiam
611 377 788 420 futuras
813 379 982 422 inferni
998 382 1093 422 sive
1111 385 1369 437 purgatorii

44 461 218 504 poenas
238 448 504 490 cordialiter
519 448 852 503 perpenderes,
873 450 1010 492 credo
1032 452 1154 505 quod
1172 453 1369 495 libenter

42 520 250 561 laborem
269 524 314 560 et
331 518 541 560 dolorem
565 519 814 561 sustineres
834 525 880 561 et
895 519 1008 562 nihil
1022 523 1191 576 rigoris
1210 524 1367 565 formi-

45 590 195 631 dares.
256 589 349 633 Sed
375 590 482 644 quia
507 589 566 630 ad
584 602 664 631 cor
686 590 777 630 ista
800 602 891 630 non
916 595 1155 634 transeunt
1181 600 1226 635 et
1240 594 1367 636 blan·

45 661 247 702 dimenta
272 658 422 701 adhuc
447 672 674 711 amamus,
699 659 806 701 ideo
834 659 993 715 frigidi
1020 668 1064 704 et
1088 664 1221 704 valde
1247 666 1368 720 pigri

38 743 343 773 remanemus.

124 802 165 843 6.
199 801 346 855 Saepe
380 805 451 842 est
478 800 637 854 inopia
667 801 877 855 spiritus,
918 801 1038 843 unde
1078 807 1172 843 tam
1203 804 1368 846 leviter

44 871 338 926 conqueritur
360 872 577 912 miserum
603 875 782 923 corpus.
854 872 947 913 Ora
969 873 1111 926 igitur
1134 870 1367 915 humiliter

42 942 101 983 ad
117 942 386 991 Dominum,
411 946 462 981 ut
478 940 557 981 det
571 941 656 981 tibi
682 943 1042 995 compunctionis
1061 943 1292 996 spiritum,
1321 950 1368 986 et

43 1013 117 1054 dic
135 1024 235 1054 cum
251 1010 506 1065 Propheta:
527 1012 624 1053 Cib
637 1024 664 1051 a
695 1024 798 1062 me,
824 1013 865 1053 D
879 1025 904 1053 o
917 1013 1083 1064 mine,
1115 1026 1143 1067 p
1158 1026 1222 1054 an
1235 1027 1258 1056 e
1290 1015 1363 1055 la-

40 1094 373 1137 crymarum,
416 1086 470 1123 et
508 1086 696 1135 potum
737 1081 803 1123 da
841 1081 976 1124 mihi
1006 1083 1061 1123 in
1093 1083 1362 1138 lacrymis

39 1154 95 1194 in
126 1164 400 1194 mensura.

529 1364 856 1386 ——aeossooe—

436 1573 697 1620 CAPUT
771 1574 960 1619 XXII.

213 1688 284 1731 De
318 1688 667 1730 consideratione
709 1687 927 1730 humanae
959 1688 1170 1731 miseriae

115 1826 156 1865 1.
187 1807 346 1866 Miser
371 1836 419 1865 es
430 1854 442 1875 ,
476 1824 734 1879 ubicunque
767 1823 909 1866 fueris
937 1830 983 1866 et
1015 1833 1284 1880 quocunque
1310 1832 1355 1868 te

32 1899 239 1950 verteris,
257 1898 346 1940 nisi
363 1898 421 1939 ad
446 1899 596 1940 Deum
612 1902 658 1939 te
678 1904 931 1940 convertas.
995 1899 1116 1949 Quid
1140 1901 1355 1950 turbaris,

33 1969 256 2024 quianon
282 1969 488 2011 succedit
518 1969 603 2010 tibi
626 1968 745 2016 sicut
767 1970 835 2010 vis
863 1974 908 2010 et
942 1969 1205 2012 desideras?
1242 1971 1353 2020 Quis

32 2043 116 2090 est,
149 2040 227 2094 qui
257 2037 398 2081 habet
431 2039 584 2080 omnia
615 2038 864 2080 secundum
889 2051 1019 2080 suam
1042 2038 1354 2081 voluntatem}

29 2108 128 2151 Nec
144 2122 231 2165 ego
243 2141 256 2161 ,
274 2122 360 2152 nec
375 2115 425 2150 tu
437 2140 449 2161 ,
476 2122 561 2151 nec
579 2100 745 2164 aliquis
761 2107 994 2150 hominum
1011 2122 1149 2163 super
1163 2115 1349 2150 terram.

30 2179 176 2222 Nemo
197 2185 267 2222 est
281 2181 328 2221 in
344 2180 512 2221 mundo
531 2180 629 2221 sine
644 2179 797 2233 aliqua
813 2179 1109 2221 tribulatione
1120 2179 1193 2220 vel
1211 2191 1350 2232 angu-

115 2293 147 2323 6.
169 2288 306 2323 Psalm.
323 2294 364 2326 79
384 2292 476 2336 (80),
493 2296 523 2325 6.
