1530 2517
312 111 576 149 CHRISTI
633 111 742 148 LIB.
774 112 842 147 111.
877 112 999 148 CAP.
1032 114 1097 148 58.
1282 110 1363 151 193

38 212 196 260 norat,
239 209 348 262 quia
385 207 656 261 pusillum
706 211 759 248 et
796 219 1046 262 magnum
1086 220 1187 262 ego
1229 207 1360 250 feei.

35 279 94 319 Et
112 279 189 332 qui
207 277 402 332 derogat
420 277 558 318 alicui
577 277 871 328 Sanctorum,
899 277 1094 332 derogat
1118 282 1163 318 et
1186 276 1299 319 mihi
1318 283 1363 320 et

37 348 204 389 ceteris
233 348 440 388 omnibus
463 348 511 387 in
530 360 675 402 regno
710 347 959 389 coelorum.
1022 348 1189 390 Omnes
1221 362 1358 389 unum

36 422 141 459 sunt
156 430 239 472 per
256 417 462 459 caritatis
483 417 730 468 vinculum3
761 418 884 459 idem
902 418 1123 469 sentiunt,
1144 418 1266 460 idem
1283 431 1359 460 vo-

23 488 136 529 Alunt
153 493 199 530 et
218 500 374 529 omnes
391 488 439 527 in
455 501 593 528 unum
611 501 660 530 se
679 487 889 542 diligunt.

118 557 158 598 5.
192 556 350 600 Adhuc
368 562 542 610 autem,
570 558 692 613 quod
709 553 852 600 multo
873 558 1009 599 altius
1029 563 1119 609 est,
1145 536 1247 612 plus
1272 572 1358 610 me,

35 640 171 682 quam
192 642 241 670 se
269 633 315 670 et
331 641 414 670 sua
429 629 595 670 merita
613 628 822 683 diligunt.
881 629 998 672 Nam
1018 641 1156 682 supra
1173 642 1222 670 se
1238 631 1359 683 rapti

37 703 84 739 et
108 703 239 740 extra
253 701 488 754 propriam
514 699 808 740 dilectionem
832 700 968 740 tracti
987 700 1074 740 toti
1091 700 1134 739 in
1156 712 1358 741 amorem

35 769 127 810 mei
143 773 353 824 pergunt,
379 771 426 810 in
444 781 533 824 quo
553 773 598 810 et
614 769 800 811 fruitive
819 770 1071 823 quiescunt.
1131 768 1258 810 Nihil
1277 775 1359 821 est,

38 838 161 893 quod
188 851 269 880 eos
296 844 506 881 avertere
523 840 671 893 possit
695 843 774 879 aut
792 838 1070 892 deprimere,
1099 840 1264 893 quippe
1284 840 1359 893 qui

37 914 227 951 aeterna
241 910 436 951 veritate
448 910 573 964 pleni
588 909 694 964 igne
714 909 959 950 ardescunt
973 909 1359 964 inexstinguibilis

37 981 256 1022 caritatis.
305 981 512 1021 Taceant
527 980 669 1034 igitur
686 979 894 1021 carnales
914 983 960 1020 et
977 979 1197 1021 animales
1215 978 1360 1021 homi-

33 1063 115 1092 nes
142 1050 199 1092 de
226 1050 499 1093 Sanctorum
530 1054 653 1091 statu
678 1049 928 1101 disserere,
963 1050 1040 1104 qui
1071 1063 1162 1090 non
1193 1055 1361 1091 norunt

34 1121 122 1162 nisi
137 1121 317 1175 privata
333 1121 504 1176 gaudia
522 1120 730 1175 diligere.
789 1120 991 1161 Demunt
1016 1124 1061 1162 et
1085 1119 1258 1161 addunt
1273 1133 1355 1174 pro

34 1203 118 1232 sua
133 1190 448 1242 inclinatione,
466 1204 555 1232 non
571 1195 709 1244 prout
723 1190 877 1244 placet
894 1194 1111 1231 aeternae
1128 1190 1327 1231 veritati.

0 1293 4 1318 4
117 1266 156 1308 6.
188 1267 239 1308 In
263 1268 420 1308 multis
448 1271 518 1309 est
540 1267 825 1321 ignorantia,
854 1280 1013 1308 eorum
1036 1268 1254 1319 maxime,
1282 1267 1359 1321 qui

32 1349 194 1391 parum
224 1337 473 1378 illuminati
501 1350 608 1378 raro
645 1336 842 1392 aliquem
870 1337 1078 1391 perfecta
1111 1337 1357 1379 dilectione

24 1407 263 1461 'spirituali
288 1408 484 1462 diligere
510 1411 692 1449 norunt.
751 1408 946 1449 Multum
980 1405 1129 1448 adhue
1158 1407 1359 1448 naturali

34 1476 206 1519 affeetu
224 1482 270 1519 et
285 1476 485 1519 humana
504 1479 706 1520 amicitia
724 1479 781 1519 ad
793 1477 876 1520 hos
892 1479 967 1520 vel
985 1478 1042 1519 ad
1058 1478 1164 1519 illos
1173 1477 1358 1518 trahun-

33 1553 128 1599 tur,
154 1553 201 1590 et
224 1549 342 1590 sicut
364 1550 410 1590 in
431 1548 729 1591 inferioribus
747 1561 797 1590 se
814 1546 1005 1599 habent,
1032 1550 1098 1589 ita
1116 1552 1162 1590 et
1179 1548 1234 1589 de
1253 1561 1356 1590 coe-

33 1617 223 1659 lestibus
240 1619 564 1673 imaginantur.
626 1618 718 1660 Sed
744 1623 813 1660 est
830 1619 1048 1660 distantia
1070 1619 1356 1672 incompara-

31 1688 151 1740 bilis,
172 1702 289 1744 quae
307 1689 568 1744 imperfecti
586 1690 792 1743 cogitant
812 1694 858 1730 et
875 1703 991 1744 quae
1008 1689 1252 1730 illuminati
1271 1690 1353 1730 viri

31 1770 114 1812 per
127 1759 461 1802 revelationem
478 1772 720 1813 supernam
738 1760 1046 1813 speculantur.

112 1831 152 1869 7.
187 1831 308 1872 Cave
328 1842 439 1885 ergo
453 1860 464 1880 ,
490 1829 577 1880 fili,
599 1828 655 1870 de
672 1830 773 1871 istis
793 1831 974 1872 curiose
990 1835 1214 1882 tractare,
1236 1844 1352 1885 quae

30 1903 154 1940 tuam
181 1901 420 1942 scientiam
449 1899 694 1951 excedunt,
729 1900 811 1941 sed
836 1898 925 1942 hoe
947 1902 1095 1955 magis
1120 1906 1281 1955 satage
1309 1908 1353 1941 et

30 1969 236 2021 intende,
266 1976 313 2011 ut
327 1970 401 2011 vel
423 1970 634 2010 minimus
651 1971 698 2010 in
713 1982 857 2024 regno
876 1972 967 2012 Dei
985 1985 1125 2026 queas
1142 1972 1331 2012 inveniri
1340 1988 1356 2010 .-

28 2039 89 2080 Et
105 2040 143 2080 si
162 2040 386 2094 quispiam
405 2041 557 2090 sciret,
580 2041 680 2094 quis
699 2040 791 2081 alio
809 2043 1013 2082 sanctior
1032 2046 1154 2082 esset
1168 2041 1243 2082 vel
1258 2053 1351 2081 ma-

25 2109 102 2161 jor
117 2107 366 2151 haberetur
382 2113 427 2152 in
444 2123 588 2165 regno
609 2110 862 2152 coelorum:
884 2111 991 2166 quid
1002 2112 1043 2153 ei
1056 2109 1171 2152 haec
1187 2111 1351 2150 notitia

119 2252 152 2282 4.
180 2247 270 2293 Sap.
289 2252 321 2290 6,
339 2253 374 2284 8.
