1530 2517
174 111 249 152 184
583 113 662 149 DE
693 114 1093 151 IMITATIONE

608 375 870 421 CAPUT
936 378 1055 422 LV.

270 487 338 529 De
371 488 653 543 corruptione
685 497 873 531 naturae
907 497 949 531 et
980 485 1185 547 efficacia
1213 490 1394 545 gratiae

735 573 919 601 azvmae.

251 707 291 747 1.
322 690 536 749 Domine
553 706 681 748 Deus
698 719 848 757 meus,
877 708 953 762 qui
979 719 1051 749 me
1070 708 1238 749 creasti
1257 706 1314 747 ad
1329 706 1488 759 imagi-

169 794 271 823 nem
286 787 342 824 ,et
367 781 710 823 similitudinem
724 788 850 823 tuam
861 813 873 834 ,
901 782 1102 824 concede
1126 780 1239 823 mihi
1255 781 1372 823 hanc
1388 793 1489 836 gra-

168 853 276 893 tiam
285 883 299 903 ‚
328 865 463 907 quam
490 853 733 894 ostendisti
751 860 846 893 tam
869 865 1084 907 magnam
1111 857 1157 893 et
1180 845 1489 893 necessariam

167 921 223 962 ad
243 922 452 973 salutem,
471 927 522 962 ut
536 923 715 963 vineam
730 923 976 976 pessimam
993 927 1202 963 naturam
1218 934 1382 972 meam,
1399 930 1490 961 tra-

168 993 350 1033 hentem
375 992 434 1033 ad
458 996 649 1045 peccata
675 998 720 1033 et
743 994 790 1033 in
811 993 1131 1046 perditionem.
1194 993 1351 1034 Sentio
1373 993 1490 1033 enim

166 1065 211 1102 in
246 1074 382 1104 carne
413 1075 518 1102 mea
549 1062 700 1116 legem
731 1064 931 1117 peccati,
976 1064 1364 1105 contradicentem
1396 1063 1492 1116 legi

166 1133 331 1173 mentis
356 1144 509 1182 meae,
538 1137 583 1173 et
605 1133 832 1187 captivum
847 1146 921 1175 me
940 1133 1180 1175 ducentem
1198 1134 1257 1174 ad
1276 1133 1489 1174 obedien-

168 1203 275 1242 dum
306 1202 596 1244 sensualitati
625 1203 673 1243 in
704 1203 882 1254 multis3
927 1217 1013 1245 nec
1048 1216 1236 1257 possum
1270 1205 1489 1244 resistere

167 1273 457 1325 passionibus
477 1273 517 1326 ej
525 1286 590 1323 us,
613 1273 702 1314 nisi
719 1274 907 1315 assistat
920 1279 1002 1315 tua
1018 1274 1308 1316 sanctissima
1324 1273 1489 1328 gratia,

169 1343 298 1383 cordi
313 1356 416 1385 meo
438 1343 653 1384 ardenter
666 1343 835 1384 infusa.

250 1415 290 1453 2.
326 1415 450 1467 Opus
470 1419 539 1455 est
555 1414 707 1468 gratia
722 1419 802 1455 tua
820 1420 866 1456 et
881 1428 1048 1471 magna
1066 1417 1239 1470 gratia,
1265 1419 1317 1455 ut
1339 1415 1489 1454 vinca-

167 1489 242 1523 tur
266 1489 431 1524 natura
456 1485 515 1525 ad
538 1485 708 1524 malum
732 1498 914 1538 semper
936 1498 1082 1539 prona
1101 1487 1156 1527 ab
1176 1484 1491 1526 adolescentia

166 1565 263 1593 sua.
323 1553 440 1595 Nam
464 1567 549 1608 per
566 1556 762 1608 primum
786 1553 1015 1596 hominem
1031 1556 1176 1597 Adam
1200 1556 1332 1609 lapsa
1358 1559 1404 1595 et
1427 1555 1490 1594 vi-

166 1624 283 1663 tiata
306 1636 389 1678 per
411 1630 652 1678 peceatum
682 1627 729 1666 in
764 1638 919 1666 omnes
949 1624 1156 1667 homines
1181 1637 1332 1680 poena
1356 1622 1489 1678 hujus

164 1694 374 1735 maculae
394 1694 644 1746 descendit,
657 1701 707 1736 ut
722 1696 824 1749 ipsa
840 1700 1019 1746 natura,
1033 1708 1150 1750 quae
1159 1695 1284 1735 bona
1301 1697 1348 1734 et
1361 1697 1491 1734 recta

165 1776 192 1803 a
216 1770 263 1805 te
289 1765 474 1806 condita
497 1764 607 1816 fuit,
632 1778 715 1819 pro
733 1766 845 1806 vitio
861 1766 957 1819 jam
984 1771 1030 1807 et
1043 1766 1308 1806 infirmitate
1335 1775 1489 1804 eorru-

164 1838 270 1886 ptae
295 1839 488 1876 naturae
514 1840 730 1889 ponatur,
760 1848 814 1876 eo
843 1836 965 1890 quod
989 1841 1140 1877 motus
1163 1835 1260 1889 ejus
1278 1834 1367 1874 sibi
1381 1833 1488 1873 reli-

165 1910 262 1945 ctus
281 1904 339 1945 ad
355 1904 524 1945 malum
544 1909 590 1946 et
603 1904 828 1946 inferiora
844 1904 1001 1946 trahit.
1061 1906 1180 1947 Nam
1204 1917 1277 1945 mo
1285 1904 1388 1945 dic-a
1403 1903 1486 1953 vis,

165 1987 282 2029 quae
297 1976 539 2026 remansit,
561 1980 631 2016 est
645 1979 864 2029 tanquam
882 1976 1081 2016 scintilla
1099 1976 1325 2030 quaedam
1339 1974 1488 2014 latens

162 2045 208 2085 in
227 2046 395 2086 cinere.
454 2045 588 2086 Haec
606 2049 676 2085 est
690 2045 793 2098 ipsa
808 2046 929 2086 ratio
948 2046 1193 2096 naturalis,
1213 2041 1490 2086 circumfusa

162 2127 330 2169 magna
349 2115 560 2169 caligine,
581 2113 730 2155 adhue
742 2115 963 2168 judicium
984 2113 1157 2156 habens
1174 2114 1286 2155 boni
1305 2117 1350 2154 et
1364 2112 1488 2162 mali,

257 2258 288 2286 1.
317 2252 481 2287 Sentio
515 2254 635 2287 enim
668 2264 747 2297 sqq.
775 2253 843 2287 cfr.
861 2253 967 2288 Rom.
985 2256 1018 2293 Ἰ,
1037 2256 1092 2287 23.
