1530 2517
109 121 161 160 48
507 120 590 156 DE
620 121 1023 157 IMITATIONE

108 219 318 259 laborum
333 221 516 257 tuorum
532 217 580 255 in
595 216 724 257 brevi
738 216 958 269 recipies3
983 228 1069 258 nec
1095 216 1183 257 erit
1204 220 1312 258 tunc
1337 229 1429 257 am-

105 289 223 342 plius
241 289 380 328 timor
396 290 475 327 aut
492 285 626 327 dolor
640 286 688 325 in
704 286 869 326 finibus
886 286 992 326 tuis.
1051 285 1286 327 Modicum
1310 299 1429 327 nunc

102 357 351 406 laborabis,
365 360 411 397 et
419 368 631 409 magnam
639 355 861 409 requiem,
872 355 1009 396 immo
1021 369 1047 409 p
1055 369 1131 409 erp
1139 360 1288 398 etuam
1298 355 1428 397 laeti-

101 429 212 467 tiam
228 426 447 467 invenies.
509 425 558 467 Si
574 430 624 466 tu
640 426 947 479 permanseris
972 426 1123 467 fidelis
1150 431 1195 468 et
1217 426 1421 468 fervidus

98 498 145 536 in
163 496 342 551 agendo
355 526 367 546 ,
392 496 519 539 Deus
536 495 853 549 proculdubio
874 497 962 537 erit
985 496 1135 537 fidelis
1155 502 1200 539 et
1215 497 1421 550 locuples

98 568 144 606 in
159 566 473 608 retribuendo.
535 566 672 619 Spem
695 566 866 606 bonam
887 567 1090 608 retinere
1110 567 1273 617 debes,
1301 566 1423 621 quod

99 637 157 677 ad
181 636 379 690 palmam
409 637 672 690 pervenies3
705 635 788 677 sed
813 637 1107 679 securitatem
1132 649 1297 690 capere
1331 649 1423 676 non

101 712 299 760 oportet,
317 720 373 748 ne
390 711 578 760 torpeas
599 710 678 747 aut
696 706 843 748 elatus
861 707 960 747 fias.

181 794 221 831 2.
256 793 367 833 Cum
386 790 569 845 quidam
587 790 748 831 anxius
770 791 890 830 inter
912 794 1084 831 metum
1110 795 1155 831 et
1179 803 1306 844 spem
1331 789 1420 831 fre-

99 865 290 915 quenter
305 860 561 911 fluctuaret,
575 865 621 901 et
631 860 827 914 quadam
843 861 942 901 vice
953 872 1166 901 moerore
1187 859 1421 901 confectus

95 932 142 971 in
177 931 373 972 ecclesia
397 935 502 971 ante
530 930 760 984 quoddam
779 931 925 971 altare
950 944 1000 971 se
1017 932 1063 970 in
1091 930 1300 971 oratione
1317 942 1421 983 pro-

97 1002 349 1051 stravisset,
361 999 478 1041 haec
492 1001 614 1040 intra
631 1013 681 1041 se
696 1000 908 1051 revolvit,
929 1001 1105 1041 dicens:
1127 1001 1163 1041 Ο
1183 1001 1223 1040 si
1240 1001 1418 1050 scirem,

97 1071 220 1127 quod
245 1070 393 1112 adhuc
416 1075 793 1125 perseveraturus
821 1070 989 1112 essem!
1024 1071 1267 1124 statimque
1294 1070 1420 1110 audi-

94 1143 161 1182 vit
192 1142 392 1182 divinum
422 1142 544 1181 intus
574 1153 868 1194 responsum:
905 1140 1039 1190 Quod
1071 1141 1110 1180 si
1142 1138 1230 1181 hoc
1262 1140 1418 1190 scires,

97 1212 204 1267 quid
221 1212 376 1253 facere
393 1209 565 1253 velles&
594 1211 690 1252 Fac
704 1224 845 1261 nunc,
881 1210 1003 1264 quod
1027 1215 1135 1251 tunc
1157 1209 1312 1251 facere
1329 1210 1421 1251 vel-

97 1283 180 1333 les,
216 1288 261 1324 et
290 1284 407 1324 bene
439 1295 628 1323 securus
663 1282 769 1323 eris.
842 1282 1045 1335 Moxque
1079 1280 1343 1321 consolatus
1378 1285 1423 1321 et

100 1352 386 1394 confortatus
406 1353 588 1393 divinae
614 1366 664 1393 se
685 1352 913 1393 commisit
930 1350 1175 1400 voluntati,
1204 1354 1250 1390 et
1274 1362 1422 1390 cessa-

97 1424 163 1463 vit
180 1424 316 1463 anxia
332 1422 585 1463 fluctuatio.
645 1422 897 1476 Noluitque
923 1422 1104 1462 curiose
1129 1420 1423 1474 investigare,

98 1499 150 1534 ut
165 1495 325 1544 sciret,
351 1505 467 1547 quae
494 1493 583 1534 sibi
608 1497 763 1533 essent
778 1491 956 1541 futura,
983 1490 1066 1531 sed
1089 1491 1235 1544 magis
1253 1489 1427 1530 studuit

98 1564 346 1618 inquirere,
381 1575 497 1617 quae
533 1569 656 1604 esset
685 1562 899 1603 voluntas
924 1562 1017 1602 Dei
1047 1560 1352 1613 beneplacens
1380 1564 1427 1600 et

99 1633 328 1687 perfecta,
355 1633 414 1673 ad
439 1646 572 1674 omne
600 1645 714 1686 opus
738 1632 909 1673 bonum
932 1630 1237 1672 inchoandum
1263 1636 1309 1671 et
1324 1643 1425 1683 per-

100 1703 357 1745 ficiendum.

183 1773 223 1813 3.
258 1772 435 1827 Spera
479 1774 534 1813 in
573 1773 814 1814 Domino
864 1777 918 1813 et
955 1771 1044 1812 fac
1088 1772 1423 1820 bonitatem,

103 1844 167 1884 ait
183 1842 430 1896 Propheta,
465 1848 519 1884 et
548 1841 810 1884 inhabita
839 1847 1049 1883 terram
1083 1848 1136 1882 et
1166 1841 1424 1894 pasceris

99 1915 156 1953 in
189 1913 412 1954 divitiis
447 1913 583 1966 ejus.
641 1912 790 1953 Unum
817 1917 908 1962 est,
937 1912 1058 1966 quod
1083 1911 1252 1951 multos
1279 1922 1425 1963 apro-

102 1982 227 2024 fectu
253 1987 300 2023 et
324 1981 521 2023 ferventi
548 1982 868 2023 emendatione
885 1980 1095 2032 retrahit,
1128 1980 1294 2021 horror
1311 1980 1425 2020 diffi-

103 2054 284 2094 cultatis
304 2065 387 2094 seu
402 2053 536 2093 labor
553 2053 829 2093 certaminis.
890 2052 1133 2093 Enimvero
1151 2050 1424 2090 illimaxime

101 2136 211 2177 prae
238 2124 433 2164 caeteris
458 2123 502 2162 in
528 2122 771 2162 virtutibus
794 2123 1060 2175 proficiunt,
1094 2121 1171 2175 qui
1197 2133 1274 2170 ea,
1309 2132 1426 2174 quae

191 2266 215 2296 3,
247 2261 383 2295 Psalm.
401 2265 443 2296 36
461 2262 547 2303 (37),
563 2265 595 2295 3.
