1530 2517
162 130 241 170 170
532 129 615 165 DE
655 128 1058 166 [MITATIONE

163 227 273 268 stati
294 225 377 267 sub
397 224 581 266 domino
611 225 903 266 constitutus:
937 225 1044 266 ideo
1074 225 1236 265 durum
1257 224 1341 265 tibi
1366 223 1488 265 vide-

162 302 249 346 tur,
277 295 336 336 ad
359 300 519 336 nutum
545 295 735 337 alterius
762 296 998 338 ambulare
1026 300 1071 338 et
1095 308 1228 337 omne
1253 295 1490 349 proprium

160 367 332 408 sentire
359 367 587 407 omittere.

243 437 284 478 6.
318 436 411 478 Sed
426 448 591 490 pensa,
609 436 695 486 fili,
714 433 877 476 horum
894 434 1093 476 fructum
1109 435 1342 487 laborum,
1370 435 1488 477 cele-

160 516 259 548 rem
283 507 420 548 finem
446 511 583 560 atque
607 507 863 560 praemium
889 506 1023 547 nimis
1047 518 1283 560 magnum:
1326 511 1372 548 et
1399 519 1490 546 non

162 577 352 619 habebis
376 576 484 617 inde
510 588 782 631 gravamen,
809 575 893 617 sed
917 575 1220 617 fortissimum
1237 577 1489 630 patientiae

160 654 268 689 tuae
301 648 522 689 solamen.
582 647 702 688 Nam
735 651 781 688 et
803 659 886 701 pro
919 647 1103 688 modica
1126 645 1214 687 hac
1236 647 1487 697 voluntate,

163 731 299 773 quam
315 732 436 760 nunc
459 722 623 772 sponte
642 717 842 768 deseris,
868 715 1060 758 habebis
1086 729 1269 770 semper
1285 717 1491 758 volunta-

160 796 252 831 tem
269 794 396 830 tuam
413 790 459 830 in
478 788 636 829 coelis.
695 788 765 830 lbi
783 788 949 842 quippe
965 788 1171 829 invenies
1189 800 1346 838 omne,
1369 788 1490 842 quod

160 860 377 910 volueris,
398 872 555 909 omne,
579 857 703 913 quod
720 858 988 899 desiderare
1005 860 1195 912 poteris.
1254 859 1322 900 lbi
1342 859 1491 900 aderit

159 931 243 971 tibi
267 930 409 970 totius
435 928 633 970 facultas
656 929 768 969 boni
791 929 1081 970 sine-timore
1107 929 1361 970 amittendi.
1420 930 1490 970 lbi

159 1001 370 1042 voluntas
396 1004 498 1050 tua,
526 1011 617 1039 una
642 1011 825 1052 semper
847 1012 1049 1050 mecum,
1075 1000 1140 1039 nil
1166 1000 1321 1052 cupiet
1340 1004 1488 1040 extra-

156 1084 292 1113 neum
307 1071 383 1112 vel
397 1070 640 1124 privatum.
699 1069 769 1111 Ibi
786 1069 938 1110 nullus
953 1071 1142 1111 resistet
1157 1071 1256 1120 tibi,
1275 1083 1409 1111 nemo
1430 1070 1486 1112 de

156 1149 202 1183 te
231 1145 560 1195 conqueretur,
582 1152 717 1180 nemo
735 1140 978 1193 impediet,
1005 1139 1117 1180 nihil
1146 1141 1372 1192 obviabit3
1404 1141 1487 1182 sed

158 1217 322 1254 cuncta
345 1210 611 1252 desiderata
632 1209 769 1250 simul
787 1215 919 1250 erunt
935 1210 1221 1263 praesentia,
1247 1215 1486 1265 totumque

156 1281 374 1323 affectum
403 1287 532 1321 tuum
561 1280 774 1322 reficient
816 1284 863 1321 et
901 1280 1216 1333 adimplebunt
1250 1294 1395 1336 usque
1430 1282 1488 1322 ad

156 1365 394 1394 summum.
454 1352 524 1393 Ibi
547 1351 739 1392 reddam
764 1350 965 1406 gloriam
980 1363 1064 1404 pro
1092 1352 1370 1393 contumelia
1387 1365 1488 1406 per-

155 1435 307 1478 pessa,
327 1422 517 1476 pallium
533 1422 685 1462 laudis
702 1434 786 1475 pro
804 1433 1019 1463 moerore
1030 1434 1042 1472 ;
1071 1434 1156 1475 pro
1174 1421 1279 1463 loco
1295 1422 1489 1463 novissi-

155 1507 230 1535 mo
265 1493 423 1535 sedem
445 1493 580 1548 regni
603 1493 651 1532 in
675 1492 878 1533 saecula.
937 1491 1007 1533 Ibi
1040 1492 1282 1545 apparebit
1311 1492 1488 1534 fructus

158 1564 477 1615 obedientiae,
504 1563 727 1618 gaudebit
741 1563 877 1604 labor
891 1563 1207 1616 poenitentiae
1235 1567 1281 1604 et
1304 1561 1488 1603 humilis

158 1635 383 1690 subJectio
404 1633 703 1675 coronabitur
719 1633 940 1687 gloriose.

240 1708 283 1747 7.
313 1705 447 1747 Nunc
479 1716 597 1758 ergo.
624 1703 795 1744 inclina
826 1708 871 1744 te
904 1702 1138 1745 humiliter
1170 1704 1253 1744 sub
1288 1705 1488 1744 omnium

155 1777 389 1826 manibus;
429 1788 516 1816 nec
547 1775 608 1815 sit
639 1774 722 1815 tibi
755 1786 917 1824 curae,
952 1775 1051 1830 quis
1084 1772 1172 1814 hoc
1214 1773 1384 1816 dixerit
1412 1774 1489 1815 vel

151 1848 358 1901 jusserit.
420 1845 513 1887 Sed
537 1843 628 1886 hoc
650 1856 932 1898 magnopere
959 1849 1141 1895 curato,
1167 1851 1219 1886 ut
1241 1846 1337 1887 sive
1354 1858 1487 1899 prae·

155 1919 275 1958 latus
301 1930 383 1957 seu
405 1917 562 1969 junior
587 1920 667 1955 aut
691 1914 899 1968 aequalis
927 1915 1103 1969 aliquid
1136 1928 1163 1955 a
1187 1920 1233 1957 te
1268 1928 1486 1970 exposce·

154 1989 216 2028 rit
239 1987 315 2028 vel
336 1987 558 2035 innuerit,
586 1998 668 2038 pro
687 1985 810 2025 bono
829 1989 978 2025 totum
1004 1986 1206 2039 accipias
1233 1990 1281 2026 et
1304 1987 1485 2027 sincera

151 2058 391 2098 voluntate
431 2055 619 2096 studeas
661 2054 930 2108 adimplere.
993 2055 1199 2105 Quaeret
1229 2055 1347 2096 alius
1379 2054 1482 2107 hoc,

156 2129 273 2169 alius
305 2127 443 2178 illud3
490 2126 719 2181 glorietur
755 2126 835 2167 ille
875 2127 923 2166 in
960 2127 1042 2167 illo
1086 2131 1132 2167 et
1169 2127 1257 2167 iste
1296 2127 1344 2166 in
1376 2126 1483 2176 isto,

157 2198 460 2252 laudeturque
499 2196 666 2237 millies
706 2196 854 2237 mille:
902 2201 951 2237 tu
991 2201 1143 2238 autem
1183 2208 1269 2237 nec
1307 2197 1353 2236 in
1392 2197 1482 2237 isto

157 2282 243 2310 nee
272 2270 318 2309 in
351 2269 456 2319 illo,
492 2267 574 2309 sed
598 2268 644 2307 in
670 2267 737 2306 tui
761 2266 905 2320 ipsius
932 2267 1082 2320 gaude
1109 2272 1342 2308 contemtu
1369 2271 1415 2306 et
1437 2266 1480 2304 in
