1530 2517
264 115 526 153 CHRISTI
585 117 1139 156 Lm.111.c.41³.55.56.
1283 119 1362 158 187

466 379 614 426 CAP
632 379 730 425 UT
787 379 935 425 LVI.

112 491 241 546 Quod
270 507 347 535 nos
382 493 497 548 ipsos
529 493 752 549 abnegare
785 500 829 534 et
865 493 1087 536 Christum
1122 496 1293 538 imitari
1354 512 1359 516 ·

437 563 635 606 debemus
660 577 745 619 per
778 577 962 605 crucem.

119 715 159 755 1.
190 696 318 763 Fili,
347 716 564 767 quantum
590 724 617 753 a
640 717 686 754 te
711 712 838 754 vales
858 715 1006 766 exire,
1033 720 1207 756 tantum
1225 718 1269 757 in
1289 730 1359 759 me

33 788 208 840 poteris
233 787 446 828 transire.
507 785 635 828 Sicut
662 784 776 827 nihil
801 785 916 828 foris
944 790 1269 842 concupiscere
1293 791 1358 830 in-

33 862 210 898 ternam
235 870 395 910 pacem
419 856 554 909 facit,
581 857 648 898 sie
671 869 721 898 se
748 858 941 898 interius
963 858 1227 914 relinquere
1254 861 1357 902 Deo

35 929 286 982 conjungit.
346 927 467 970 Volo
486 932 533 969 te
560 927 799 969 addiscere
817 927 1071 982 perfectam
1090 931 1357 985 abnegatio-

33 1011 136 1040 nem
152 999 220 1039 tui
236 999 282 1038 in
298 998 534 1039 voluntate
560 1010 663 1039 mea
687 998 785 1039 sine
804 999 1168 1041 contradictione
1188 1005 1234 1041 et
1251 1014 1357 1056 que-

31 1070 145 1110 rela.
207 1068 411 1124 Sequere
442 1081 538 1119 me;
586 1080 689 1123 ego
737 1082 853 1110 sum
891 1070 1004 1121 via,
1046 1060 1264 1113 veritas
1305 1078 1359 1113 et

31 1141 162 1181 vita.
223 1140 330 1182 Sine
347 1140 422 1181 via
438 1152 529 1181 non
544 1139 651 1191 itur,
678 1139 776 1180 sine
793 1141 990 1182 veritate
1008 1153 1099 1181 non
1119 1143 1356 1196 cognosci-

30 1216 118 1262 tur,
138 1211 235 1257 sine
252 1211 347 1252 vita
363 1223 455 1252 non
471 1210 651 1251 vivitur.
711 1210 812 1265 Ego
832 1223 931 1251 sum
946 1209 1044 1261 via‘,
1073 1224 1208 1265 quam
1226 1213 1359 1266 sequi

32 1281 195 1332 debes3
226 1281 411 1332 veritas,
431 1281 505 1322 cui
522 1280 711 1322 credere
730 1279 894 1332 debes3
919 1282 1027 1331 vita,
1049 1294 1183 1335 quam
1201 1295 1356 1336 spera-

27 1364 78 1394 re
97 1351 253 1394 debes.
312 1352 413 1406 Ego
433 1364 533 1393 sum
552 1352 623 1392 via
639 1351 936 1403 inviolabilis,
948 1352 1119 1392 veritas
1135 1351 1355 1394 infallibi-

27 1423 99 1474 lis,
125 1423 220 1463 vita
235 1422 602 1464 interminabilis.
662 1423 762 1475 Ego
783 1434 881 1462 sum
897 1422 973 1462 via
987 1424 1260 1475 rectissima,
1278 1436 1352 1465 ve-

24 1494 139 1534 ritas
164 1505 401 1547 suprema,
426 1492 521 1533 vita
543 1504 674 1543 vera,
699 1493 795 1535 vita
817 1492 978 1543 beata,
1016 1494 1106 1533 vita
1129 1494 1349 1535 increata.

28 1563 77 1605 Si
92 1564 317 1605 manseris
341 1564 389 1604 in
413 1563 489 1604 via
513 1575 639 1614 mea,
674 1575 991 1617 cognosces
1023 1578 1046 1604 v
1062 1565 1351 1616 eritatem,

29 1639 83 1675 et
112 1635 330 1676 veritas
363 1633 644 1675 liberabit
674 1638 751 1685 te,
785 1638 830 1675 et
861 1632 1178 1688 apprehendes
1210 1635 1351 1676 vitam

29 1709 277 1746 aeternam.

111 1777 150 1815 2.
185 1774 242 1817 Si
280 1775 364 1816 vis
405 1774 471 1815 ad
508 1774 697 1814 vitam·
716 1774 966 1829 ingredi,
1009 1787 1176 1821 serva
1208 1788 1350 1818 man·

28 1845 174 1886 data.
236 1843 287 1888 Si
316 1845 383 1886 vis
414 1844 656 1885 veritatem
696 1857 1002 1899 cognoscere,
1045 1846 1182 1889 crede
1221 1846 1347 1888 mihi.

28 1915 84 1958 Si
116 1916 199 1957 vis
231 1913 527 1970 perfectus
562 1927 706 1967 esse,
743 1916 921 1957 vende
955 1917 1153 1957 omnia.
1215 1917 1349 1959 Sivis

28 1999 129 2028 esse
154 1986 404 2040 discipulus
435 1999 586 2038 meus,
614 1987 793 2040 abnega
817 1991 960 2028 temet
982 1987 1147 2041 ipsum.
1210 1987 1260 2030 Si
1281 1989 1348 2029 vis

23 2058 209 2099 beatam
251 2057 392 2097 vitam
430 2057 692 2110 possidere,
734 2061 1025 2110 praesentem
1061 2058 1202 2098 vitam
1242 2071 1347 2099 con-

22 2134 190 2169 temne.
231 2127 282 2170 Si
298 2129 364 2168 vis
384 2127 578 2169 exaltari
596 2128 640 2167 in
661 2127 808 2177 coelo,
827 2125 1018 2167 humilia
1033 2132 1079 2168 te
1096 2127 1141 2167 in
1159 2128 1343 2169 mundo.

119 2273 149 2302 1.
177 2268 314 2302 Joann.
334 2271 387 2308 14,
407 2270 439 2302 6.
489 2267 546 2301 lb.
567 2271 599 2307 8,
622 2270 678 2302 32.
706 2288 750 2292 —
801 2271 833 2301 2.
862 2267 998 2302 Matth.
1021 2270 1073 2307 19,
1097 2271 1149 2302 17.
1170 2272 1224 2303 21.
