1530 2517
282 92 543 132 CHRISTI
599 94 710 131 LIB.
738 94 807 131 lv.
842 95 962 132 CAP.
994 96 1059 132 16.
1079 96 1145 133 17.
1295 93 1377 136 239

54 195 190 245 potus
213 202 364 242 meus,
392 203 522 232 amor
537 203 666 233 meus
685 195 731 233 et
746 190 965 246 gaudium
981 204 1154 243 meum,
1182 191 1377 234 dulcedo

57 273 162 302 mea
182 266 228 302 et
243 265 390 301 totum
405 261 573 302 bonum
590 273 755 302 meum.

140 330 179 371 3.
211 331 395 371 Utinam
418 342 491 372 me
514 331 724 372 totaliter
749 343 805 372 ex
828 335 908 372 tua
930 332 1196 386 praesentia
1220 343 1378 373 accen·

56 399 163 451 das,
198 400 439 441 comburas
467 405 513 442 et
535 402 582 441 in
607 405 653 442 te
678 405 978 451 transmutas,
1007 406 1058 442 ut
1088 415 1203 442 unus
1228 407 1380 443 tecum

56 470 232 511 efficiar
247 470 433 524 spiritus
444 482 527 524 per
537 471 733 525 gratiam
749 472 956 512 internae
974 471 1156 512 unionis
1176 476 1220 512 et
1236 471 1379 526 lique·

55 538 306 581 factionem
325 539 528 582 ardentis
548 540 738 582 amoris!
791 541 832 583 N
837 554 860 582 e
879 541 1069 595 patiaris
1087 553 1159 582 me
1173 541 1381 597 jejunum

57 614 103 652 et
128 610 306 651 aridum
323 623 351 651 a
366 615 413 652 te
428 610 672 662 recedere,
699 611 781 652 sed
800 623 992 665 operare
1010 623 1186 652 mecum
1204 612 1380 653 miseri·

58 680 282 731 corditer,
307 681 426 722 sicut
449 682 632 735 saepius
660 685 876 735 operatus
903 693 951 722 es
978 693 1078 722 cum
1103 683 1272 724 sanctis
1289 683 1379 724 tuis

53 751 341 792 mirabiliter.
404 751 524 801 Quid
541 752 726 802 mirum,
754 751 793 792 si
809 755 933 792 totus
958 763 1014 793 ex
1031 755 1075 792 te
1093 752 1380 806 ignescerem

54 826 100 862 et
115 822 159 862 in
176 833 250 862 me
266 822 368 875 ipso
388 820 655 872 deficerem,
684 834 784 863 cum
804 827 855 862 tu
880 822 942 862 sis
966 821 1086 875 ignis
1110 835 1291 876 semper
1309 835 1377 864 ar-

54 891 166 933 dens
187 896 232 934 et
246 904 477 946 nunquam
495 892 736 944 deficiens,
764 904 893 933 amor
911 891 1052 933 corda
1068 893 1313 945 purificans
1334 899 1379 935 et

51 962 336 1005 intellectum
351 961 639 1003 illuminans}

456 1399 722 1448 CAPUT
784 1400 969 1448 XVII.

46 1515 117 1557 De
156 1515 332 1558 ardenti
370 1528 521 1557 amore
562 1522 606 1556 et
634 1514 881 1556 vehementi
912 1513 1080 1569 affectu
1110 1514 1374 1569 suscipiendi

589 1584 827 1626 Christum.

421 1723 566 1775 Vox
613 1721 990 1774 DISCIPULI.

125 1873 165 1912 1.
199 1854 325 1915 Cum
343 1886 519 1915 summa
536 1873 782 1915 devotione
802 1878 847 1914 et
864 1873 1040 1914 ardenti
1063 1885 1219 1914 amore
1232 1902 1242 1921 ‚
1269 1885 1368 1913 cum

41 1950 141 1986 toto
171 1945 323 1987 cordis
350 1943 521 1986 affectu
547 1949 592 1985 et
616 1943 801 1986 fervore
827 1943 1039 1986 desidero
1065 1950 1128 1994 te,
1153 1944 1367 1993 Domine,

42 2016 298 2070 suscipere,
333 2014 716 2070 quemadmodum
747 2014 879 2055 multi
905 2013 1062 2056 Sancti
1095 2019 1140 2055 et
1172 2013 1367 2055 devotae

39 2086 346 2138 personaein
379 2084 754 2126 communicando
785 2088 831 2125 te
858 2084 1260 2134 desideraverunt,
1292 2084 1366 2138 qui

38 2156 123 2195 tibi
146 2157 344 2197 maxime
369 2157 415 2196 in
441 2157 685 2197 sanctitate
709 2155 832 2196 vitae
857 2155 1128 2208 placuerunt
1155 2160 1200 2195 et
1223 2155 1270 2194 in
1299 2166 1367 2194 ar-

41 2225 307 2269 dentissima
324 2226 571 2268 devotione
589 2225 789 2267 fuerunt.
853 2226 889 2266 O
908 2226 1035 2266 Deus
1059 2237 1212 2276 meus,
1240 2236 1369 2265 amor
