1530 2517
298 105 559 154 cHR1s⁷r1
616 115 711 151 Lm.
742 116 811 151 111.
845 116 951 152 cir.
983 117 1021 151 6.
1041 115 1078 152 τ.
1295 112 1347 153 93

18 212 277 267 fragilitate
296 213 471 254 corruis
484 243 496 264 ,
521 224 704 253 resume
721 212 842 253 vires
861 210 1082 253 fortiores
1100 211 1346 266 prioribus,

23 283 257 326 confidens
283 283 340 325 de
366 283 580 336 ampliori
605 283 757 337 gratia
780 295 906 333 mea,
936 287 982 324 et
1004 282 1195 323 multum
1217 293 1348 335 prae-

26 366 136 395 cave
155 366 182 394 a
198 366 316 394 vana
334 353 670 407 complacentia
693 357 739 394 et
757 352 988 406 superbia.
1048 352 1246 406 Propter
1262 350 1351 392 hoc

23 424 154 465 multi
171 425 218 465 in
236 436 438 465 errorem
458 423 684 464 ducuntur
708 426 817 464 etin
835 424 1106 464 caecitatem
1122 435 1269 477 paene
1286 423 1352 464 in-

24 494 274 536 curabilem
291 494 566 549 quandoque
584 494 813 535 labuntur.
875 493 945 535 Sit
960 493 1045 534 tibi
1060 494 1107 533 in
1125 492 1352 534 cautelam

25 570 71 607 et
86 569 356 620 perpetuam
373 563 678 606 humilitatem
692 568 826 605 ruina
842 561 957 605 haec
974 560 1276 617 superborum
1295 562 1351 604 de

25 648 74 677 se
93 635 231 676 stulte
248 637 650 689 praesumentium.

532 852 857 876 dego*—

461 1075 723 1123 CAPUT
788 1075 917 1121 Vll.

94 1189 164 1232 De
199 1188 460 1234 occultanda
483 1192 643 1248 gratia
674 1189 751 1232 sub
785 1188 1049 1253 humilitatis
1077 1188 1290 1231 custodia„

113 1332 153 1372 1.
185 1313 300 1382 Fili,
323 1331 481 1373 utilius
501 1335 572 1373 est
586 1331 672 1372 tibi
690 1335 736 1373 et
752 1331 959 1373 securius
978 1330 1236 1371 devotionis
1254 1343 1363 1385 gra--

30 1406 142 1446 tiam
160 1404 461 1456 abscondere,
478 1405 628 1446 necin
645 1403 788 1444 altum
803 1408 850 1445 te
869 1402 1052 1453 efferre,
1068 1415 1154 1444 nec
1169 1403 1362 1443 multum

29 1475 136 1517 inde
161 1474 313 1529 loqui,
340 1487 489 1529 neque
513 1474 705 1515 multum
720 1474 1003 1528 ponderare,
1031 1474 1114 1515 sed
1129 1475 1276 1529 magis
1293 1480 1360 1515 te-

30 1550 124 1587 met
137 1545 286 1600 ipsum
298 1544 537 1599 despicere
556 1551 602 1587 et
617 1549 835 1600 tanquam
851 1544 1040 1599 indigno
1061 1543 1214 1585 datam
1230 1545 1361 1585 time-

29 1629 97 1658 re.
155 1616 261 1658 Non
287 1620 358 1657 est
381 1615 488 1659 huic
519 1616 756 1659 affectioni
779 1616 987 1657 tenacius
1011 1613 1359 1666 inhaerendum,

33 1699 150 1742 quae
170 1687 304 1728 citius
328 1692 484 1741 potest
506 1688 673 1729 mutari
696 1688 744 1727 in
770 1687 1065 1728 contrarium.
1128 1686 1296 1741 Cogita
1312 1688 1360 1727 in

33 1757 208 1812 gratia,
236 1769 370 1812 quam
394 1758 537 1799 miser
561 1762 607 1798 et
629 1758 763 1811 inops
790 1769 892 1798 esse
919 1756 1044 1798 soles
1067 1756 1165 1797 sine
1189 1758 1358 1810 gratia.

33 1827 131 1869 Nec
149 1827 281 1869 estin
299 1839 354 1868 eo
371 1831 548 1868 tantum
564 1827 815 1881 spiritualis
832 1828 955 1868 vitae
972 1825 1231 1881 profectus,
1259 1840 1361 1868 cum

33 1897 367 1939 consolationis
393 1896 610 1939 habueris
635 1899 855 1952 gratiam3
888 1897 971 1938 sed
1001 1910 1102 1938 cum
1126 1895 1361 1937 humiliter

33 1967 79 2009 et
96 1968 324 2022 abnegate
341 1969 659 2022 patienterque
674 1966 837 2009 tuleris
865 1968 962 2021 ejus
981 1968 1357 2017 subtractionem,

30 2040 97 2079 ita
123 2038 246 2093 quod
269 2043 377 2079 tunc
403 2039 458 2079 ab
484 2039 707 2079 orationis
732 2039 886 2080 studio
912 2051 1004 2079 non
1027 2043 1240 2092 torpeas,
1273 2050 1359 2078 nec

30 2109 211 2164 reliqua
251 2121 394 2163 opera
425 2114 506 2149 tua
545 2121 601 2150 ex
631 2122 718 2150 usu
749 2108 965 2150 facienda
997 2110 1181 2149 omnino
1216 2108 1361 2149 dilabi

32 2180 292 2233 permittas,
319 2179 402 2220 sed
427 2180 545 2220 sicut
568 2179 733 2220 melius
755 2181 963 2232 potueris
991 2185 1036 2220 et
1057 2179 1360 2227 intellexeris,

33 2250 250 2301 libenter,
286 2249 408 2305 quod
439 2251 486 2290 in
518 2254 563 2291 te
599 2254 690 2300 est,
723 2248 893 2301 facias,
929 2263 1012 2291 nec
1043 2254 1233 2304 propter
1274 2250 1362 2290 ari-
