1530 2517
205 102 282 142 194
590 100 673 136 DE
710 100 1113 137 IMITATIONE

198 199 463 254 prodesset,
490 197 579 238 nisi
603 210 653 239 se
680 208 737 238 ex
752 195 839 239 hac
865 197 1147 251 cogitatione
1173 209 1327 238 coram
1349 211 1421 240 me
1439 198 1516 240 hu-

198 269 400 312 miliaret
417 268 524 309 etin
540 267 763 321 maiorem
778 267 975 308 nominis
994 268 1085 309 mei
1101 266 1284 308 laudem
1303 280 1516 322 exsurge·

196 337 295 380 ret'.t
353 338 500 380 Multo
521 338 752 391 acceptius
769 337 871 379 Deo
893 336 1027 388 facit,
1056 338 1132 392 qui
1150 337 1206 379 de
1222 343 1516 392 peccatorum

197 422 385 452 suorum
414 407 727 462 magnitudine
761 411 807 448 et
830 407 1048 451 virtutum
1080 420 1264 449 suarum
1288 410 1515 462 parvitate

199 479 373 533 cogitat
398 483 444 519 et
468 490 602 531 quam
626 477 765 531 longe
794 489 820 517 a
843 476 1128 530 perfectione
1154 477 1425 519 Sanctorum
1452 478 1515 518 di-

197 553 309 600 stat,
337 561 472 602 quam
488 549 526 587 is
540 577 550 596 ‚
577 548 652 603 qui
670 546 726 587 de
746 559 903 587 eorum
918 547 1183 602 majoritate
1200 547 1273 588 vel
1288 548 1515 600 parvitate

198 619 413 672 disputat.
472 617 640 659 Melius
675 620 765 667 est,
800 616 992 660 Sanctos
1022 615 1201 658 devotis
1224 617 1437 670 precibus
1471 622 1517 658 et

192 689 410 742 lacrymis
431 699 624 729 exorare
650 691 695 728 et
717 699 873 728 eorum
891 686 1099 740 gloriosa
1115 685 1339 741 suffragia
1356 685 1515 727 humili

194 763 345 799 mente
363 758 636 811 implorare,
663 769 798 812 quam
816 768 975 797 eorum
992 761 1170 799 secreta
1186 768 1304 797 vana
1326 756 1514 810 inquisi-

195 830 320 871 tione
339 828 633 882 perscrutari.

277 910 318 950 8.
349 909 423 951 1111
445 909 564 949 bene
591 909 636 947 et
664 905 833 959 optime
867 908 1208 954 contentantur,
1242 904 1282 945 si
1306 902 1513 945 homines

195 980 365 1021 scirent
404 976 661 1020 contentari
701 980 746 1016 et
775 974 1041 1028 vaniloquia
1079 986 1163 1014 sua
1204 986 1512 1028 compescere.

191 1048 297 1091 Non
321 1048 578 1102 gloriantur
602 1045 658 1086 de
683 1044 880 1099 propriis
906 1044 1106 1094 meritis,
1134 1043 1300 1098 quippe
1328 1031 1403 1098 qui
1426 1044 1514 1084 sibi

193 1116 309 1159 nihil
323 1116 542 1158 bonitatis
561 1114 845 1164 adscribunt,
871 1112 954 1154 sed
970 1117 1118 1153 totum
1138 1111 1270 1163 mihi,
1298 1113 1514 1167 quoniam

193 1189 306 1242 ipsis
332 1191 495 1228 cuncta
521 1197 577 1226 ex
595 1184 771 1225 infinita
789 1183 979 1224 caritate
996 1194 1100 1222 mea
1118 1182 1299 1223 donavi.
1360 1184 1512 1224 Tanto

196 1268 352 1298 amore
371 1255 620 1296 divinitatis
646 1258 692 1295 et
714 1252 884 1308 gaudio
903 1251 1248 1306 supereffluenti
1262 1252 1513 1306 replentur,

193 1331 243 1367 ut
267 1325 382 1367 nihil
407 1326 473 1368 eis
498 1325 619 1367 desit
641 1324 819 1379 gloriae
845 1320 1049 1377 nihilque
1067 1323 1215 1377 possit
1232 1322 1394 1364 deesse
1412 1321 1514 1363 feli-

196 1396 363 1440 citatis.
426 1397 593 1437 Omnes
626 1394 805 1444 Sancti,
845 1397 1013 1447 quanto
1049 1393 1238 1434 altiores
1269 1393 1316 1433 in
1347 1392 1513 1446 gloria,

193 1469 323 1506 tanto
351 1463 617 1510 humiliores
641 1465 689 1506 in
713 1476 762 1505 se
788 1464 900 1517 ipsis
928 1467 974 1504 et
996 1461 1108 1503 mihi
1125 1463 1369 1504 viciniores
1388 1466 1434 1503 et
1451 1461 1515 1502 di-

193 1535 412 1577 lectiores
431 1536 668 1579 exsistunt.
727 1533 931 1586 Ideoque
960 1531 1102 1574 habes
1135 1533 1374 1585 scriptum,
1409 1531 1517 1586 quia

193 1605 499 1648 mittebant
552 1616 794 1650 coronas
849 1614 979 1643 suas
1027 1606 1155 1643 ante
1199 1601 1371 1643 Deum
1389 1631 1402 1652 ,
1463 1605 1517 1642 et

195 1673 533 1717 ceciderunt
569 1675 623 1715 in
654 1672 836 1717 facies
870 1683 1000 1712 suas
1035 1683 1220 1713 coram
1253 1683 1420 1725 agno,
1463 1675 1517 1712 et

195 1745 581 1786 adoraverunt
639 1744 921 1785 viventem
980 1743 1034 1783 in
1095 1742 1328 1784 saecula
1387 1753 1448 1782 sa
1463 1754 1515 1782 e-

194 1815 458 1857 culorunh
1262 1815 1264 1817 '

277 1884 317 1927 9.
348 1884 485 1925 Multi
511 1887 755 1939 quaerunt,
783 1883 882 1937 quis
908 1882 1058 1936 maj0r
1081 1882 1142 1923 sit
1165 1882 1212 1922 in
1234 1894 1380 1936 regno
1405 1881 1510 1931 Dei,

193 1955 269 2010 qui
285 1955 523 2008 ignorant,
544 1967 600 1994 an
619 1966 718 1995 cum
734 1953 930 1993 minimis
950 1956 1081 1994 erunt
1098 1951 1223 2006 digni
1241 1951 1507 2004 computari.

190 2025 411 2079 Magnum
428 2029 517 2074 est,
542 2024 617 2065 vel
633 2024 865 2064 minimum
884 2036 984 2064 esse
1001 2023 1047 2063 in
1065 2022 1196 2064 coelo
1208 2051 1221 2073 ,
1248 2021 1326 2062 ubi
1352 2033 1507 2062 omnes

189 2095 343 2148 magni
360 2099 477 2142 sunt,
492 2094 598 2148 quia
617 2106 774 2134 omnes
792 2094 873 2133 filii
892 2094 981 2134 Dei
997 2093 1280 2134 vocabuntur
1297 2097 1343 2132 et
1361 2095 1507 2139 erunt,

282 2234 313 2265 8.
343 2231 459 2275 Apoc.
479 2234 512 2270 4,
532 2234 574 2265 10
591 2234 629 2264 et
647 2234 678 2271 5,
699 2234 752 2265 14.
