1530 2517
281 96 543 135 CHRISTI
598 97 710 134 LIB.
741 97 809 134 IV.
851 97 970 134 CAP.
1002 100 1067 134 11.
1254 99 1337 138 227

14 195 137 245 lare,
170 193 199 235 d
211 205 236 235 o
248 206 276 234 n
289 205 312 235 e
324 206 349 235 c
379 193 598 247 aspiret
629 192 717 234 die
730 206 751 234 s
785 198 1003 235 aeternae
1030 193 1252 237 claritatis
1287 202 1340 237 et

13 265 241 306 umbrae
274 264 524 318 figurarum
562 263 740 304 inclin
754 269 930 304 entur.
993 266 1120 306 Cum
1156 273 1340 308 autem

14 335 262 386 venerit,
304 346 408 388 quo
422 333 450 373 d
488 346 516 388 p
530 332 806 374 erfectum
850 339 958 384 est,
1000 336 1200 377 cessabit
1229 351 1339 379 usus

14 408 404 447 sacramentorum
415 432 428 454 ‚
467 403 575 457 quia
604 402 730 443 beati
760 404 807 444 in
839 404 991 458 gloria
1025 406 1217 448 coelesti
1246 420 1340 449 non

15 479 154 530 egent
176 473 478 515 medicamine
503 474 850 525 sacramentali3
882 474 1086 528 gaudent
1104 477 1222 517 enim
1239 478 1338 520 sine

14 546 104 587 fine
121 546 167 586 in
184 544 447 599 praesentia
461 544 575 595 Dei,
602 542 723 585 facie
749 544 808 585 ad
823 543 992 586 faciem
1017 545 1214 600 gloriam
1240 549 1339 601 ejus

15 615 308 671 speculantes
342 619 388 657 et
419 615 476 656 de
509 614 720 657 claritate
751 618 799 655 in
824 614 1082 656 claritatem
1110 618 1339 672 abyssalis

17 687 203 729 deitatis
227 684 566 736 transformati,
599 688 786 740 gustant
808 686 997 726 verbum
1021 686 1113 728 Dei
1139 700 1246 730 caro
1273 688 1341 730 fa-

15 762 153 809 ctum,
171 757 290 799 sicut
305 755 394 797 fuit
411 756 466 797 ab
483 756 616 796 initio
636 760 682 797 et
696 760 851 797 manet
865 756 912 796 in
931 761 1181 799 aeternum.

100 841 141 883 3.
172 840 372 882 Memor-i
395 838 559 880 horum
582 839 859 880 mirabilium
883 852 1025 894 grave
1049 840 1163 882 mihi
1178 842 1230 882 fit
1244 847 1341 884 tae·

16 911 141 953 dium
160 912 298 953 etiam
309 909 495 965 quodlib
502 914 548 951 et
559 909 796 963 spirituale
811 910 1027 951 solatium
1038 924 1049 951 z
1070 913 1176 966 quia
1187 925 1342 966 quam-

15 981 95 1023 diu
109 982 358 1024 Dominum
380 992 531 1021 meum
559 984 717 1034 aperte
740 980 787 1019 in
810 992 894 1020 sua
911 980 1063 1034 gloria
1079 995 1171 1023 non
1186 983 1341 1034 video,

15 1064 99 1107 pro
125 1049 269 1092 nihilo
297 1050 414 1092 duco
442 1063 598 1102 omne,
627 1049 750 1105 quod
773 1051 821 1090 in
842 1051 1011 1092 mundo
1039 1053 1272 1106 conspicio
1297 1058 1342 1095 et

15 1122 175 1164 audio.
236 1122 390 1163 Testis
416 1134 464 1163 es
481 1126 532 1162 tu
547 1119 681 1171 mihi,
699 1120 851 1172 Deus,
876 1121 999 1175 quod
1023 1123 1149 1164 nulla
1166 1136 1241 1165 res
1267 1136 1340 1165 me

13 1197 170 1247 potest
186 1192 431 1242 consolari,
442 1192 570 1232 nulla
580 1195 792 1233 creatura
803 1192 1024 1245 quietare,
1036 1194 1124 1233 nisi
1137 1198 1202 1244 tu,
1211 1192 1339 1234 Deus

15 1276 161 1315 meus,
181 1275 316 1318 quem
333 1262 547 1304 desidero
569 1262 867 1303 aeternaliter
885 1264 1200 1317 contemplari.
1249 1263 1343 1306 Sed

15 1347 108 1375 non
126 1338 196 1376 est
212 1332 302 1374 hoc
317 1332 554 1386 possibile,
576 1332 769 1374 durante
785 1346 858 1375 me
874 1335 922 1374 in
938 1332 1026 1375 hac
1040 1333 1341 1375 mortalitate.

13 1403 124 1445 Ideo
145 1407 344 1458 oportet,
363 1407 414 1443 ut
428 1415 501 1444 me
517 1415 686 1456 ponam
704 1404 762 1444 ad
779 1417 991 1459 magnam
1009 1404 1278 1458 patientiam
1297 1408 1344 1444 et

14 1486 88 1515 me
105 1475 255 1528 ipsum
271 1474 319 1514 in
337 1473 460 1513 omni
478 1472 709 1515 desiderio
727 1475 814 1515 tibi
829 1476 1106 1515 submittam.
1162 1474 1279 1515 Nam
1298 1479 1345 1515 et

15 1543 173 1587 Sancti
189 1545 272 1594 tui,
284 1544 498 1595 Domine,
512 1545 589 1598 qui
604 1549 756 1585 tecum
769 1545 865 1598 jam
881 1545 927 1584 in
943 1557 1087 1599 regno
1107 1545 1344 1586 coelorum

19 1613 266 1664 exsultant,
290 1613 337 1654 in
354 1613 445 1655 fide
473 1618 519 1655 et
541 1615 766 1668 patientia
789 1627 971 1669 magna,
997 1615 1102 1655 dum
1121 1616 1343 1665 viverent,

16 1683 260 1724 adventum
278 1683 459 1737 gloriae
476 1688 584 1726 tuae
604 1686 946 1738 exspectabant.
1009 1684 1141 1734 Quod
1159 1685 1229 1725 illi
1247 1697 1342 1726 cre-

15 1753 245 1805 diderunt,
266 1765 352 1808 ego
374 1754 537 1805 cred03
571 1755 695 1809 quod
710 1755 780 1795 illi
798 1761 1112 1809 speraverunt,
1136 1767 1222 1809 ego
1242 1767 1343 1808 spe-

13 1837 89 1874 ro;
109 1836 197 1878 quo
215 1823 286 1864 illi
301 1830 623 1877 pervenerunt,
640 1838 724 1879 per
741 1827 937 1880 gratiam
953 1831 1077 1866 tuam
1095 1838 1168 1867 me
1185 1831 1342 1866 ventu-

13 1906 116 1936 rum
148 1893 345 1935 confido.
404 1895 658 1937 Ambulabo
691 1897 875 1937 interim
902 1897 948 1937 in
974 1896 1062 1937 fide
1074 1926 1085 1946 ‚
1121 1895 1341 1948 exemplis

17 1963 306 2006 confortatus
326 1963 614 2006 Sanctorum.
672 1967 870 2014 Habebo
900 1972 1039 2007 etiam
1065 1966 1208 2006 libros
1242 1977 1343 2005 san-

17 2039 116 2077 ctos
141 2047 224 2089 pro
253 2035 422 2076 solatio
452 2039 498 2076 et
521 2035 646 2077 vitae
672 2036 886 2089 speculo,
914 2042 1052 2090 atque
1073 2048 1210 2088 super
1228 2033 1343 2075 haec

109 2237 142 2269 2.
172 2234 317 2271 Cantic.
336 2238 368 2276 2,
390 2238 445 2272 17.
497 2239 515 2271 1
535 2235 619 2272 Cor.
641 2239 695 2279 13,
715 2240 769 2273 10.

898 2290 932 2331 P
952 2291 975 2331 2
