1530 2517
115 135 198 176 124
523 135 607 171 DE
637 134 1039 170 IMITATIONE

117 234 236 275 Nam
254 233 433 287 quoties
451 243 523 272 me
546 232 824 284 impacatum
845 230 994 271 sentio
1023 235 1069 270 et
1092 233 1351 284 gravatum,
1380 230 1435 269 ab

118 302 205 343 hac
237 302 447 342 doctrina
477 314 550 341 me
581 300 831 341 recessisse
861 300 1059 340 invenio.
1121 298 1213 340 Sed
1249 303 1321 349 tn,
1363 300 1439 352 qui

121 372 274 411 omnia
288 375 423 425 potes
443 375 490 412 et
506 371 684 412 animae
701 369 958 423 profectum
975 381 1156 423 semper
1173 368 1342 422 diligis,
1363 368 1438 408 ad-

121 452 239 493 auge
271 440 497 494 maJOrem
527 440 746 494 gratiam,
778 444 829 479 ut
858 440 1034 492 possim
1057 443 1185 480 tuum
1211 438 1440 492 complere

121 521 380 550 sermonem
399 513 445 550 et
460 523 609 552 meam
626 511 848 564 perficere
866 507 1074 549 salutem.

349 672 510 732 Oratio
544 684 701 718 contra
737 676 1032 731 cogitationes
1066 676 1218 716 malas.

208 790 246 830 5.
279 790 517 831 Domine
555 791 705 831 Deus
751 801 927 838 meus,
976 799 1040 828 ne
1086 787 1377 841 elongeris
1420 799 1447 826 a

123 873 224 911 me3
257 861 408 902 Deus
434 873 586 901 meus
610 861 664 900 in
699 858 975 900 auxilium
1005 870 1171 898 meum
1200 857 1444 910 respice:
1488 852 1530 906 ’ἑ

126 932 342 984 quoniam
358 931 705 971 insurrexerunt
718 931 766 970 in
789 942 862 970 me
886 928 1044 969 variae
1072 927 1377 980 cogitationes
1403 933 1449 968 et

123 1000 313 1040 timores
331 1000 500 1053 magni,
515 998 771 1053 affligentes
791 999 988 1038 animam
1003 1009 1167 1037 meam.
1203 997 1444 1047 Quomodo

123 1070 413 1122 pertransibo
431 1066 647 1109 illaesus&
681 1068 911 1122 quomodo
930 1066 1213 1121 perfringam
1231 1066 1337 1108 eas'ss

208 1138 247 1179 6.
280 1139 422 1193 Ego,
455 1139 624 1192 inquit,
658 1143 786 1179 ante
817 1143 872 1178 te
904 1138 996 1178 ibo
1012 1167 1024 1188 ,
1068 1141 1122 1179 et
1151 1136 1445 1191 gloriosos

125 1212 317 1249 terrae
351 1206 623 1249 humiliab
637 1221 678 1249 o.
738 1208 953 1261 Aperiam
966 1207 1132 1261 januas
1153 1207 1373 1256 carceris,
1403 1213 1449 1246 et

125 1289 295 1317 arcana
311 1281 596 1318 secretorum
610 1278 828 1319 revelabo
846 1277 945 1318 tibi.

207 1348 247 1386 7.
278 1346 396 1398 Fac,
422 1348 644 1398 Domine,
670 1353 722 1387 ut
743 1347 969 1402 loqueris:
1005 1352 1051 1387 et
1073 1345 1255 1400 fugiant
1279 1358 1305 1385 a
1327 1344 1446 1387 facie

123 1421 203 1456 tua
223 1428 380 1458 omnes
396 1418 582 1472 iniquae
602 1417 923 1471 cogitationes.
982 1417 1114 1457 Haec
1130 1429 1234 1470 spes
1254 1421 1299 1457 et
1313 1416 1448 1457 unica

126 1486 382 1528 consolatio
401 1500 506 1528 mea
523 1487 582 1528 ad
597 1492 643 1528 te
660 1488 707 1527 in
726 1488 848 1528 omni
864 1486 1160 1527 tribulatione
1181 1485 1444 1540 confugere,

125 1557 208 1597 tibi
227 1557 473 1608 confidere,
484 1562 530 1598 te
551 1569 607 1598 ex
621 1557 781 1598 intimo
799 1558 1015 1598 invocare
1036 1561 1081 1598 et
1094 1556 1324 1610 patienter
1342 1568 1446 1597 con-

62 1619 65 1621 *
125 1626 402 1668 solationem
419 1632 545 1667 tuam
563 1633 848 1681 exspectare.

366 1797 525 1841 Oratio
553 1813 640 1854 pro
674 1799 996 1841 illuminatione
1032 1800 1201 1840 mentis.

206 1913 246 1952 8.
283 1912 497 1954 Clarifica
512 1926 601 1964 me,
619 1914 730 1955 Jesu
745 1914 881 1963 bone,
903 1913 1112 1954 claritate
1130 1913 1298 1952 interni
1314 1912 1444 1952 lumi-

121 1982 215 2032 nis,
243 1989 289 2022 et
315 1982 430 2023 educ
454 1983 511 2024 de
537 1982 798 2024 habitaculo
827 1983 978 2024 cordis
1002 1983 1094 2023 mei
1110 1982 1324 2022 tenebras
1346 1981 1443 2020 uni-

122 2063 295 2092 versas.
342 2051 516 2094 Cohibe
535 2053 833 2107 evagationes
850 2053 1033 2103 multas,
1054 2057 1100 2093 et
1114 2053 1202 2092 vim
1221 2051 1443 2091 facientes

125 2121 244 2163 elide
262 2124 555 2164 tentationes.
593 2123 755 2177 Pugna
770 2121 955 2165 fortiter
970 2134 1053 2175 pro
1071 2133 1158 2172 me,
1172 2125 1217 2162 et
1235 2132 1445 2174 expugna

216 2264 248 2293 5.
279 2259 419 2294 Psalm.
439 2263 484 2295 70
504 2261 597 2306 (71),
619 2264 673 2295 12.
700 2280 746 2288 -—
795 2265 830 2296 6.
856 2261 934 2295 Jes.
953 2264 1009 2301 45,
1029 2264 1062 2294 2.
