1530 2517
182 124 256 164 324
588 125 669 161 DE
704 124 1089 161 IMITATIONE

170 234 348 263 sacram
375 219 565 263 differre
600 219 990 262 communionem&
1047 221 1268 275 Expurga
1296 225 1343 262 te
1377 235 1496 262 cum-

171 293 350 346 primis,
380 304 549 345 exspue
574 292 798 333 velociter
818 303 1065 343 venenum,
1091 290 1261 332 festina
1287 292 1522 345 accipere„

170 362 447 412 remedium,
475 367 521 403 et
537 363 709 403 senties
726 361 891 402 melius
902 392 914 412 ,
942 373 1077 415 quam
1093 361 1134 401 si
1151 360 1229 401 diu
1247 361 1493 402 distuleris.

172 433 220 475 Si
246 431 385 473 hodie
410 437 602 486 propter
626 432 750 473 istud
776 431 986 481 dimittis,
1015 442 1115 471 cras
1142 429 1340 471 forsitan
1373 430 1499 471 aliud

171 504 319 556 majus
347 504 546 544 eveniet:
581 506 627 542 et
651 503 717 543 sic
743 501 820 542 diu
844 513 1005 555 posses
1032 513 1059 540 a
1082 501 1400 542 communione
1416 502 1499 541 im-

171 573 321 627 pediri
340 576 387 613 et
400 573 549 626 magis
566 573 747 626 ineptus
765 572 880 612 fieri.
944 570 1125 620 Quanto
1146 571 1279 611 citius
1296 570 1447 622 vales,
1471 583 1499 610 a

171 643 406 697 praesenti
432 643 659 697 gravitate
687 646 734 683 et
755 641 923 683 inertia
939 645 984 682 te
1004 641 1228 682 excutias:
1262 641 1370 695 quia
1384 639 1499 681 nihil

171 715 391 768 importat
407 713 486 753 diu
505 712 707 763 anxiari,
735 711 813 752 diu
833 725 933 754 cum
948 711 1212 752 turbatione
1228 711 1426 752 transire
1453 715 1499 751 et

143 779 149 781 ⁴
172 785 228 825 ob
263 782 534 838 quotidiana
573 781 814 824 obstacula
847 795 897 823 se
930 794 957 822 a
989 781 1153 822 divinis
1185 785 1493 835 sequestrare.

166 856 306 895 Immo
326 854 571 909 plurimum
586 857 738 904 nocet,
761 852 839 893 diu
857 852 1221 894 communionem
1237 849 1496 904 protelare5

168 938 271 965 nam
298 930 343 966 et
359 937 547 979 gravem
564 928 801 977 torporem
820 922 1057 963 consuevit
1076 920 1309 961 inducere.
1370 917 1495 959 Proh

171 993 325 1036 dolor!
359 994 545 1049 quidam
568 993 715 1047 tepidi
748 996 794 1034 et
821 991 1036 1033 dissoluti
1065 1002 1219 1030 moras
1246 989 1495 1030 confitendi

169 1065 364 1106 libenter
390 1065 620 1118 accipiunt
652 1067 698 1104 et
723 1062 1086 1104 communionem
1114 1072 1290 1105 sacram
1318 1059 1491 1104 idcirco

170 1134 346 1176 differri
379 1135 587 1188 cupiunt,
620 1145 678 1174 ne
712 1132 770 1173 ad
803 1132 1026 1184 majorem
1059 1130 1130 1171 sui
1154 1128 1412 1170 custodiam
1443 1141 1492 1170 se

170 1206 278 1246 dare
296 1208 553 1245 teneantur.

251 1276 290 1316 5.
322 1275 444 1326 Heu,
465 1286 602 1330 quam
618 1271 849 1314 modicam
873 1272 1112 1312 caritatem
1138 1272 1184 1310 et
1200 1268 1398 1310 debilem
1416 1268 1493 1310 de-

167 1347 400 1387 votionem
416 1344 608 1395 habent,
637 1343 714 1398 qui
739 1353 918 1383 sacram
938 1340 1300 1381 communionem
1317 1342 1409 1378 tam
1425 1338 1494 1379 fa-

169 1416 317 1457 ciliter
332 1412 636 1470 postponunt!
699 1412 848 1462 Quam
864 1409 980 1451 felix
994 1409 1074 1450 ille
1094 1413 1140 1449 et
1155 1409 1257 1450 Deo
1278 1413 1492 1463 acceptus

170 1485 384 1537 habetur,
411 1486 487 1541 qui
508 1485 576 1526 sic
591 1484 704 1525 vivit
721 1483 830 1524 etin
845 1480 930 1521 tali
946 1480 1147 1534 puritate
1166 1479 1493 1521 conscientiam

169 1568 296 1597 suam
315 1556 529 1606 custodit,
541 1559 592 1595 ut
610 1553 749 1594 etiam
768 1552 891 1592 omni
909 1550 983 1591 die
1005 1549 1341 1591 communicare
1360 1561 1492 1603 para-

168 1631 239 1667 tus
258 1632 304 1667 et
318 1627 436 1668 bene
456 1624 698 1666 affectatus
726 1627 872 1672 esset,
900 1622 940 1662 si
965 1621 1009 1662 ei
1024 1620 1188 1661 liceret
1204 1624 1250 1660 et
1266 1620 1363 1660 sine
1381 1624 1494 1660 nota

167 1709 306 1751 agere
324 1701 497 1751 posset.
559 1694 609 1736 Si
635 1694 735 1749 quis
761 1691 988 1734 interdum
1007 1690 1207 1731 abstinet
1221 1687 1490 1728 humilitatis

165 1766 315 1820 gratia
333 1770 413 1806 aut
428 1765 636 1820 legitima
651 1763 932 1818 impediente
951 1772 1129 1810 caussa,
1147 1756 1403 1818 laudandus
1423 1762 1493 1797 est

165 1836 220 1877 de
235 1836 511 1877 reverentia.
565 1835 615 1877 Si
634 1838 787 1875 autem
803 1837 965 1886 torpor
983 1829 1254 1883 obrepserit,
1274 1840 1323 1868 se
1340 1828 1488 1880 ipsum

165 1907 366 1948 excitare
385 1904 522 1946 debet
540 1909 586 1946 et
601 1904 758 1946 facere
778 1901 901 1957 quod
916 1902 964 1941 in
981 1914 1031 1942 se
1051 1904 1141 1950 est3
1167 1898 1391 1939 Dominus
1411 1896 1487 1936 ad-

165 1977 253 2017 erit
270 1976 501 2018 desiderio
521 1987 604 2017 suo
623 1988 705 2029 pro
724 1975 848 2015 bona
862 1971 1114 2021 voluntate,
1127 1980 1261 2024 quam
1278 1966 1487 2021 speciali-

162 2052 232 2087 ter
246 2047 451 2100 respicit.

244 2116 284 2157 6.
319 2118 432 2159 Cum
463 2128 572 2157 vero
605 2115 812 2170 legitime
844 2110 1142 2168 praepeditus
1176 2113 1265 2159 est,
1297 2105 1487 2149 habebit

161 2199 341 2241 semper
356 2187 525 2228 bonam
540 2187 826 2228 voluntatem
845 2188 891 2224 et
906 2183 1029 2237 piam
1045 2179 1347 2221 intentionem
1365 2191 1484 2219 com-

163 2258 443 2308 municandi,
494 2262 540 2298 et
579 2258 646 2298 sic
677 2269 766 2297 non
802 2253 978 2295 carebit
1008 2250 1159 2293 fructu
1194 2250 1483 2290 sacramenti.
