1530 2517
180 132 256 171 188
534 151 537 154 ·
574 131 657 166 DE
697 129 1099 166 IMITATIONE

178 228 226 269 Si
243 229 309 268 vis
333 239 532 282 regnare
557 238 757 277 mecum,
783 230 920 280 porta
946 239 1124 267 crucem
1149 238 1338 267 mecum.
1401 227 1496 268 Soli

176 299 295 338 enim
313 298 435 339 servi
455 297 601 337 crucis
626 295 862 337 inveniunt
886 297 1007 337 viam
1030 296 1327 337 beatitudinis
1354 302 1398 338 et
1423 311 1495 338 ve-

171 380 252 409 rae
269 368 399 409 lucis.
1529 401 1530 428 3

254 438 293 478 3.
326 438 524 479 Domine
541 437 666 486 Jesu‚
687 438 794 491 quia
812 441 939 486 arcta
959 441 1028 477 est
1044 437 1136 476 vita
1155 441 1235 477 tua
1260 445 1305 478 et
1322 437 1490 478 mundo

173 508 412 561 despecta,
441 508 563 548 dona
585 506 696 547 mihi
713 512 759 548 te
779 520 878 548 cum
895 507 1052 547 mundi
1069 507 1289 560 despectu
1305 508 1490 548 imitari.

168 578 290 620 Non
332 579 474 619 enim
513 578 695 631 maj01
736 581 822 617 est
859 589 1055 618 servus
1097 576 1319 618 domino
1369 591 1490 629 suo,

168 661 272 690 nec
304 647 620 701 discipulus
654 659 821 700 supra
850 648 1202 701 magistrum.
1265 648 1490 689 Exercea-

168 723 243 758 tur
260 731 417 760 servus
433 722 538 759 tuus
555 718 602 757 in
618 717 712 757 vita
728 724 829 767 tua,
859 718 965 771 quia
988 718 1054 758 ibi
1082 721 1151 758 est
1175 717 1299 758 salus
1323 731 1428 759 mea
1449 724 1493 760 et

170 789 388 829 sanctitas
414 800 538 829 vera.
602 786 832 841 Quidquid
852 791 981 828 extra
1001 799 1100 828 eam
1116 786 1223 842 lego
1241 787 1316 829 vel
1338 789 1491 840 audio,

168 871 258 899 non
275 871 347 899 1116
363 863 548 900 recreat
562 870 649 898 nec
666 857 866 898 delectat
886 857 1037 910 plene.

250 939 291 979 4.
325 938 437 989 Fili,
473 937 580 992 quia
610 935 726 977 haec
756 936 846 976 scis
874 940 919 976 et
942 935 1096 990 legisti
1123 936 1298 987 omnia,
1329 936 1492 978 beatus

168 1010 280 1059 eris,
315 1008 356 1048 51
386 1006 553 1048 feceris
581 1019 652 1048 ea.
713 1006 817 1056 Qui
859 1003 1030 1046 habet
1066 1005 1338 1046 mandata
1373 1020 1492 1049 mea

167 1084 221 1120 et
258 1082 448 1120 servat
487 1090 573 1128 ea,
620 1078 743 1131 ipse
786 1081 872 1117 est
910 1076 1002 1130 qui
1042 1075 1245 1130 diligit
1282 1090 1386 1128 me,
1438 1084 1492 1119 et

167 1161 269 1203 ego
327 1148 563 1202 diligam
615 1158 732 1188 eum
781 1151 834 1187 et
875 1145 1262 1187 manifestabo
1313 1148 1365 1187 61
1409 1160 1488 1188 1116

164 1221 364 1272 ipsum,
398 1222 444 1258 et
466 1216 635 1258 faciam
665 1228 768 1257 eum
794 1216 1045 1257 consedere
1071 1229 1248 1257 meeum
1272 1217 1320 1257 in
1343 1208 1487 1272 regno

164 1290 308 1343 patris
325 1289 432 1330 mei.

250 1359 291 1399 5.
322 1358 521 1400 Domine
545 1357 679 1409 Jesu,
714 1357 832 1398 sicut
856 1356 1012 1397 dixisti
1045 1362 1091 1398 et
1116 1357 1390 1410 promisisti,
1424 1359 1491 1400 sic

167 1431 326 1483 utique
350 1429 432 1469 fiat
463 1436 509 1469 et
538 1427 650 1468 mihi
680 1428 938 1482 promereri
971 1428 1220 1482 contingat.
1281 1426 1488 1483 Suscepi,

168 1500 349 1552 suscepi
375 1498 431 1539 de
456 1510 592 1538 manu
615 1503 697 1538 tua
729 1510 931 1548 crucem3
969 1498 1189 1551 portabo,
1225 1502 1271 1539 et
1292 1500 1487 1552 portabo

170 1581 271 1610 eam
286 1581 431 1623 usque
451 1569 509 1609 ad
526 1573 721 1610 mortem
732 1598 744 1619 ,
771 1569 889 1609 sicut
903 1568 1165 1621 imposuisti
1181 1566 1305 1608 mihi.
1365 1569 1488 1611 Vere

167 1641 262 1680 vita
284 1640 395 1680 boni
418 1637 631 1680 monachi
658 1650 768 1679 crux
795 1641 888 1687 est,
917 1637 998 1678 sed
1026 1637 1117 1678 dux
1142 1638 1359 1691 paradisi.
1419 1640 1488 1680 In-

169 1714 350 1764 ceptum
383 1714 473 1761 est,
505 1714 630 1750 retro
666 1708 792 1749 abire
827 1720 918 1748 non
949 1708 1079 1759 licet,
1112 1721 1197 1749 nec
1226 1709 1487 1763 relinquere

169 1784 366 1834 oportet.
1262 1817 1264 1819 .

250 1850 290 1892 6.
321 1850 409 1891 Ε16
424 1849 592 1891 fratres
604 1880 616 1899 ‚
642 1862 888 1904 pergamus
906 1848 1061 1899 simul,
1079 1849 1212 1890 Jesus
1232 1850 1319 1891 erit
1333 1850 1484 1891 nobis-

167 1934 281 1963 eum.
341 1921 539 1974 Propter
553 1920 578 1961 J
583 1933 709 1961 esum
726 1920 1007 1974 suscepimus
1025 1917 1141 1960 hanc
1159 1932 1359 1970 crucemg
1378 1932 1481 1973 pro-

163 1998 267 2046 pter
295 1992 452 2033 Jesum
482 2003 827 2044 perseveremus
867 1991 914 2030 in
955 2002 1103 2030 cruce.
1162 1990 1263 2031 Erit
1300 1989 1483 2043 adjutor

159 2066 340 2113 noster,
375 2062 450 2116 qui
484 2066 554 2102 est
586 2061 676 2103 dux
707 2065 866 2102 noster
894 2064 940 2101 et
962 2072 1247 2113 praecessor.
1307 2060 1375 2100 En
1398 2072 1480 2101 rex

159 2136 318 2172 noster
340 2131 596 2185 ingreditur
620 2135 725 2172 ante
749 2143 856 2182 nos,
887 2131 963 2185 qui
979 2130 1199 2185 pugnabit
1218 2142 1302 2183 pro
1328 2131 1478 2171 nobis.

251 2274 284 2304 3,
314 2270 449 2304 Matth.
470 2274 525 2311 10,
543 2274 600 2304 24.
625 2290 672 2296 —
719 2274 753 2304 4.
781 2270 917 2304 Joann.
938 2274 991 2310 14,
1009 2274 1065 2304 21.
