1530 2517
134 116 213 157 136
529 117 611 152 DE
651 113 1050 152 1MlTAT10NE

131 213 270 254 alicui
308 211 606 266 undecunque
638 211 837 252 venienti
867 209 1108 250 inhaerere
1143 212 1188 249 et
1223 208 1444 260 accipere,

129 291 346 337 tanquam
364 282 509 322 omnis
526 293 630 335 spes
647 281 708 321 sit
724 281 877 322 ablata
895 278 1171 334 emergendi.

214 361 253 400 4.
286 360 395 402 Noli
425 365 586 413 putare
609 364 656 401 te
685 360 896 400 relictum
923 370 980 399 ex
1001 363 1101 398 toto
1114 387 1125 407 ,
1155 356 1356 410 quamvis
1388 353 1444 393 ad

127 436 306 484 tempus
321 430 406 471 tibi
421 431 623 471 miserim
641 430 839 483 aliquam
850 428 1205 474 tribulationem,
1220 425 1290 465 vel
1305 425 1444 465 etiam

130 505 333 554 optatam
349 501 653 541 subtraxerim
671 499 1057 547 consolationem3
1082 497 1147 537 sic
1166 497 1282 536 enim
1299 500 1444 535 trans-

129 572 219 611 itur
244 571 302 611 ad
323 583 515 624 regnum
540 569 788 610 coelorum.
846 568 906 608 Et
922 567 1010 608 hoc
1027 567 1124 607 sine
1143 566 1277 606 dubio
1297 565 1443 617 magis

132 641 315 694 expedit
337 640 421 681 tibi
446 643 491 681 et
516 639 710 680 caeteris
735 639 878 679 servis
904 638 1041 687 meis,
1066 641 1115 676 ut
1134 635 1444 677 exercitemini

131 710 357 760 adversis,
383 722 518 764 quam
535 710 574 749 si
592 713 752 750 cuncta
769 708 827 748 ad
843 709 1020 749 libitum
1037 706 1283 747 haberetis.
1343 706 1444 758 Ego

131 781 236 819 novi
263 780 568 833 cogitationes
587 778 898 820 absconditas:
935 777 1041 831 quia
1057 776 1244 816 multum
1265 774 1447 828 expedit

131 862 213 902 pro
233 849 380 890 salute
397 854 498 899 tua,
523 854 574 889 ut
588 849 817 889 interdum
842 848 939 888 sine
966 859 1131 900 sapore
1155 845 1445 898 relinquaris,
1498 885 1501 887 .

132 933 187 960 ne
205 918 325 960 forte
346 919 539 960 eleveris
556 920 601 958 in
617 920 738 959 bono
757 933 972 961 successu
1000 924 1046 960 et
1059 919 1142 958 tibi
1160 916 1248 969 ipsi
1264 915 1446 968 placere

132 989 244 1029 velis
261 990 306 1029 in
328 1001 398 1039 eo,
413 990 534 1043 quod
551 1002 638 1030 non
663 1002 725 1030 es.
777 990 910 1040 Quod
928 989 1047 1038 dedi,
1063 987 1244 1028 auferre
1263 997 1446 1039 possum

134 1068 178 1099 et
193 1060 453 1109 restituere,
474 1072 572 1100 cum
591 1059 701 1099 mihi
717 1060 955 1112 placuerit.

214 1129 253 1169 5.
288 1130 399 1170 Cum
418 1129 603 1179 dedero,
621 1142 770 1170 meum
790 1136 880 1179 est-3
901 1141 1000 1169 cum
1019 1128 1303 1175 subtraxero,
1324 1129 1447 1164 tuum

132 1212 222 1240 non
239 1200 343 1239 tuli:
379 1200 486 1253 quia
502 1212 651 1240 meum
671 1207 740 1240 est
765 1212 920 1240 omne
947 1199 1132 1238 datum
1163 1198 1191 1237 b
1206 1209 1231 1236 o
1246 1208 1365 1234 num
1399 1198 1450 1234 et

135 1283 160 1310 o
173 1283 255 1309 mn
268 1282 291 1310 e
318 1269 342 1309 d
358 1282 382 1310 o
395 1283 515 1310 num
540 1283 568 1323 p
583 1269 700 1311 erfe
714 1275 871 1310 etum.
932 1268 981 1310 Si
997 1269 1081 1309 tibi
1097 1267 1327 1308 immisero
1348 1277 1448 1319 gra-

135 1341 320 1381 vitatem
338 1344 417 1380 aut
435 1339 684 1394 quamlibet
702 1340 1072 1379 contrarietatem
1084 1369 1095 1388 ,
1120 1350 1178 1377 ne
1197 1335 1448 1389 indigueris

132 1423 278 1463 neque
298 1409 510 1450 concidat
526 1405 606 1451 cor
620 1414 768 1459 tuum3
791 1421 877 1463 ego
898 1410 987 1450 cito
1006 1408 1246 1448 sublevare
1263 1418 1447 1459 possum

134 1485 178 1520 et
196 1492 327 1520 omne
348 1493 460 1520 onus
476 1480 523 1519 in
541 1479 756 1533 gaudium
772 1484 1090 1519 transmutare.
1125 1478 1448 1519 Verumtamen

128 1551 276 1603 justus
299 1563 398 1590 sum
425 1556 470 1590 et
488 1549 916 1591 recommendabilis
936 1549 1145 1598 multum,
1173 1560 1272 1588 cum
1298 1547 1364 1586 sic
1380 1544 1446 1585 fa-

132 1621 202 1660 cio
221 1625 385 1661 tecum.

214 1689 253 1730 6.
288 1689 336 1730 Si
351 1694 476 1730 recte
495 1690 617 1742 sapis
637 1694 682 1729 et
697 1689 741 1728 in
763 1689 952 1729 veritate
972 1688 1191 1740 adspicis,
1220 1698 1445 1739 nunquam

131 1759 270 1800 debes
296 1764 485 1812 propter
510 1759 703 1799 adversa
727 1763 820 1798 tam
846 1757 1023 1811 dejecte
1050 1756 1334 1806 contristari,
1364 1756 1446 1796 sed

130 1830 274 1882 magis
300 1829 503 1882 gaudere
531 1833 577 1869 et
599 1829 771 1882 gratias
796 1840 955 1881 agere:
988 1828 1125 1867 immo
1151 1825 1239 1867 hoc
1264 1826 1445 1866 unicum

128 1903 343 1951 reputare
369 1898 607 1952 gaudium,
642 1897 762 1951 quod
790 1895 995 1950 affligens
1019 1900 1065 1936 te
1092 1896 1327 1936 doloribus
1353 1908 1444 1936 non

131 1979 268 2021 parco
301 1969 399 2009 tibi.
475 1968 633 2009 Sicut
672 1967 878 2007 dilexit
916 1979 994 2006 me
1026 1973 1211 2019 pater,
1255 1970 1308 2006 et
1339 1977 1441 2019 ego

129 2051 226 2079 vos
260 2038 363 2078 dili
376 2051 464 2092 go,
499 2037 593 2078 dixi
611 2037 789 2078 dilectis
808 2035 1041 2088 discipulis
1058 2035 1191 2075 meis:
1227 2047 1341 2088 quos
1359 2036 1443 2074 uti-

130 2121 216 2162 que
241 2121 331 2149 non
355 2109 459 2148 misi
484 2107 542 2147 ad
567 2106 737 2161 gaudia
759 2105 1056 2159 temporalia,
1089 2104 1171 2145 sed
1197 2104 1254 2144 ad
1278 2117 1444 2158 magna

219 2250 251 2279 5.
280 2247 361 2279 Jac.
384 2249 489 2285 1‚1‘{.
515 2265 562 2270 —-
611 2248 641 2279 6.
670 2246 806 2278 Joann.
828 2248 881 2283 15,
899 2247 933 2278 9.
