1530 2517
275 113 536 150 CHRISTI
591 114 700 150 LIB.
731 115 799 151 IV.
833 116 954 152 CAP.
987 118 1025 151 1.
1045 117 1082 152 2.
1252 117 1332 155 205

16 211 171 263 tatem.
230 207 426 263 Propter
455 214 597 251 temet
625 210 774 264 ipsum
807 213 926 253 enim
958 211 1047 253 hoc
1077 211 1209 264 facis,
1245 225 1336 253 non

43 283 203 333 ropter
217 291 321 321 mea
336 280 522 331 merita,
547 284 598 321 ut
611 281 796 329 bonitas
812 286 893 323 tua
909 282 1020 323 mihi
1035 284 1182 337 magis
1207 283 1335 324 inno-

36 353 183 400 escat,
209 350 376 391 caritas
395 350 590 404 amplior
609 351 849 406 ingeratur
874 358 919 394 et
935 351 1167 396 humilitas
1186 355 1335 409 perfe-

41 420 132 461 tius
159 420 512 462 commendetur.
574 421 693 471 Quia
721 435 831 476 ergo
850 423 933 464 tibi
951 422 1039 465 hoc
1055 425 1208 478 placet
1227 430 1272 466 et
1289 430 1337 466 tu

39 489 82 530 ic
98 489 197 531 fieri
209 490 400 544 jussisti,
413 490 566 544 placet
584 496 630 532 et
646 491 756 533 mihi
767 493 971 547 dignatio
982 498 1084 546 tua3
1104 504 1150 536 et
1164 496 1338 536 utinam

35 560 234 615 niquitas
250 573 355 602 mea
370 573 460 601 non
479 562 694 603 obsistat!

97 645 138 684 2.
173 645 210 686 Ο
231 644 492 687 dulcissime
513 651 558 687 et
574 647 902 702 benignissime
919 650 1050 702 Jesu,
1071 656 1241 706 quanta
1256 653 1338 693 tibi

41 715 274 756 ever-entia
292 719 338 757 et
348 717 599 770 gratiarum
618 719 738 759 actio
759 733 979 775 cumperp
987 726 1092 762 etua
1106 722 1242 763 laude
1253 734 1336 775 pro

16 786 306 839 susceptione
323 787 444 828 sacri
462 788 669 841 corporis
684 790 753 829 tui
771 789 977 842 debetur,
998 792 1125 845 cujus
1145 792 1338 846 dignita-

16 859 108 896 tem
125 855 274 897 nullus
293 855 527 898 hominum
545 858 775 911 explicare
787 865 950 914 potens
967 860 1224 902 invenitur}
1251 861 1341 903 Sed

18 925 126 980 quid
144 927 358 981 cogitabo
377 929 424 968 in
443 926 529 969 hac
546 930 877 980 communione,
896 931 942 970 in
963 943 1153 972 accessu
1171 931 1230 972 ad
1247 932 1340 973 Do-

16 996 186 1036 minum
201 1009 365 1048 meum,
379 1011 511 1052 quem
529 998 681 1039 debite
699 1002 911 1041 venerari
927 1014 1106 1056 nequeo
1128 1006 1173 1043 et
1187 1006 1341 1044 tamen

19 1065 183 1108 devote
201 1068 433 1121 suscipere
452 1067 689 1110 desidero!
738 1068 858 1118 Quid
876 1071 1092 1124 cogitabo
1111 1073 1276 1114 melius
1295 1080 1342 1115 et

16 1135 266 1186 salubrius,
295 1138 384 1178 nisi
399 1150 470 1179 me
487 1139 636 1192 ipsum
652 1139 862 1181 totaliter
876 1138 1159 1184 humiliando
1183 1157 1339 1185 coram

0 1210 61 1290 'te
87 1210 134 1248 et
155 1210 280 1247 tuam
304 1208 526 1249 infinitam
542 1209 797 1251 bonitatem
818 1212 1064 1253 exaltando
1083 1226 1222 1267 supra
1238 1213 1339 1255 me}

0 1276 178 1318 *Laudo
197 1281 258 1328 te,
277 1278 403 1319 Deus
420 1291 563 1329 meus,
585 1284 630 1320 et
647 1280 798 1321 exalto
816 1281 863 1321 in
882 1286 1133 1323 aeternum.
1174 1285 1339 1339 Despi-

17 1347 87 1389 cio
105 1359 178 1389 me
198 1352 243 1389 et
259 1348 451 1402 subjicio
470 1350 554 1390 tibi
570 1350 617 1390 in
634 1349 910 1404 profundum
929 1352 1116 1394 vilitatis
1132 1367 1279 1396 meae.

98 1432 139 1473 3.
170 1433 306 1483 Ecce,
317 1438 366 1473 tu
380 1433 571 1475 Sanctus
584 1434 868 1487 Sanctorum,
885 1442 931 1478 et
948 1450 1035 1492 ego
1055 1439 1216 1481 sordes
1234 1453 1337 1494 pec-

16 1496 236 1545 catorum.
296 1504 438 1554 Ecce,
464 1509 513 1544 tu
537 1504 728 1547 inclinas
752 1512 798 1548 te
826 1508 882 1548 ad
908 1522 1002 1559 me,
1031 1510 1108 1564 qui
1130 1522 1222 1551 non
1240 1524 1339 1551 sum

16 1572 178 1627 dignus
197 1573 256 1614 ad
270 1578 317 1615 te
333 1576 579 1628 respicere.
639 1577 773 1628 Ecce,
799 1583 849 1619 tu
865 1580 991 1620 venis
1012 1580 1069 1620 ad
1086 1593 1173 1630 me,
1201 1586 1251 1621 tu
1266 1583 1337 1622 vis

17 1655 119 1685 esse
136 1650 388 1695 mecum,tu
403 1646 570 1687 invitas
589 1647 647 1687 ad
665 1648 919 1689 convivium
934 1654 1077 1690 tuum.
1138 1652 1210 1690 Tu
1227 1650 1338 1692 mihi

16 1713 127 1756 dare
144 1715 212 1756 vis
231 1715 480 1757 coelestem
498 1717 669 1767 cibum,
699 1722 744 1759 et
774 1730 801 1772 p
815 1731 878 1758 an
893 1732 969 1760 em
994 1720 1337 1774 Angelorum

16 1783 83 1825 ad
127 1785 587 1827 manducandum:
644 1800 736 1828 non
777 1788 916 1828 alium
956 1801 1090 1841 sane,
1125 1804 1259 1845 quam
1291 1797 1337 1832 te

12 1856 182 1909 ipsum,
222 1867 415 1908 panem
445 1857 645 1908 vivum,
688 1859 872 1912 quiade
908 1860 1074 1901 coelo
1109 1861 1336 1902 descen-

12 1916 156 1967 disti
189 1931 242 1966 et
273 1926 370 1967 das
402 1927 574 1967 vitam
603 1929 818 1969 mundo.

101 2009 140 2050 4.
171 2010 316 2061 Ecce,
350 2011 470 2052 unde
489 2011 673 2053 dilectio
691 2013 923 2066 procedit,
959 2016 1104 2069 qualis
1131 2016 1335 2070 dignatio

51 2079 261 2122 lucescit!
311 2081 457 2130 Quam
472 2094 667 2136 magnae
686 2084 937 2137 gratiarum
956 2087 1160 2126 actiones
1180 2091 1226 2127 et
1241 2086 1336 2126 lau-

109 2253 142 2284 3.
170 2250 310 2285 Psalm.
331 2255 373 2286 ’Π
394 2253 488 2298 (1·8),
507 2257 562 2288 25.
612 2255 748 2291 Joann.
765 2260 797 2297 6,
815 2261 872 2291 33.
