1530 2517
180 94 263 135 240
396 130 400 132 .
576 97 663 136 DE
699 98 1101 136 IMITATIONE

181 197 394 234 aeternus
405 224 418 244 ,
436 198 584 234 totum
599 195 770 235 bonum
787 207 957 246 meum,
975 194 1174 236 felicitas
1191 195 1500 238 interminabi-

179 262 250 312 lis,
271 264 403 316 cupio
422 267 468 304 te
485 265 717 317 suscipere
737 278 837 306 cum
848 263 1246 306 vehementissimo
1267 265 1496 308 desiderio

181 338 226 372 et
258 332 527 387 dignissima
555 335 837 386 reverentia,
871 347 1004 389 quam
1037 334 1200 389 aliquis
1225 334 1497 377 Sanctorum

177 414 377 456 unquam
393 401 554 444 habuit
571 408 616 445 et
631 406 801 446 sentire
818 405 982 458 potuit.
1462 454 1465 455 ⁷

261 480 301 518 2.
331 479 392 519 Et
407 478 516 520 licet
530 480 744 535 indignus
762 493 860 522 sum
874 481 1026 521 onmia
1041 480 1123 520 illa
1137 482 1410 523 sentimenta
1420 481 1495 524 de·

176 549 377 590 votionis
401 547 594 601 habere,
620 555 775 592 tamen
800 549 946 592 offero
971 552 1055 591 tibi
1071 555 1218 592 totum
1237 552 1388 593 cordis
1404 552 1497 594 mei

177 618 392 660 affectum
403 651 415 671 ,
443 633 498 662 ac
520 621 561 660 si
578 622 731 661 omnia
746 621 827 662 illa
844 622 1105 676 gratissima
1121 619 1403 662 inflammata
1420 622 1494 663 de-

176 689 349 730 sideria
379 690 506 732 solus
537 689 770 733 haberem.
831 692 922 734 Sed
951 696 996 733 et
1020 703 1317 746 quaecunque
1341 696 1497 745 potest

159 760 254 813 pia
277 772 405 801 mens
433 763 676 815 concipere
703 766 750 803 et
774 761 1061 812 desiderare,
1095 760 1212 802 haec
1237 762 1389 802 omnia
1411 761 1496 802 tibi

177 842 279 870 cum
295 842 470 871 summa
479 832 776 873 veneratione
796 837 841 874 et
854 832 1014 873 intimo
1033 831 1216 873 fervore
1229 832 1430 885 praebeo
1451 836 1498 873 et

177 898 342 940 offero.
402 899 530 942 Nihil
549 906 656 955 opto
675 901 787 942 mihi
801 914 1063 953 reservare,
1091 900 1172 943 sed
1188 914 1260 943 me
1280 905 1326 942 et
1343 901 1495 942 omnia

173 981 278 1010 mea
301 970 386 1011 tibi
410 976 573 1025 sponte
599 976 644 1012 et
660 971 960 1013 libentissime
981 971 1237 1014 immolare.
1295 972 1493 1014 Domine

172 1037 300 1079 Deus
316 1051 461 1091 meus,
481 1045 663 1082 creator
678 1054 805 1083 meus
825 1046 872 1083 et
884 1041 1120 1083 redemtor
1135 1054 1278 1092 meus,
1293 1054 1395 1083 cum
1410 1042 1494 1082 tali

174 1107 359 1159 affectu,
374 1112 649 1162 reverentia,
667 1112 802 1153 laude
822 1116 867 1154 et
882 1110 1073 1162 honore,
1087 1124 1187 1153 cum
1202 1111 1285 1151 tali
1302 1111 1492 1165 gratitu-

172 1178 292 1230 dine,
306 1179 531 1234 dignitate
551 1185 597 1221 et
614 1193 784 1233 amore,
798 1195 899 1224 cum
914 1182 999 1222 tali
1014 1181 1119 1231 fide,
1133 1193 1213 1234 spe
1233 1184 1279 1222 et
1293 1181 1493 1234 puritate

169 1254 217 1290 te
236 1247 404 1291 affecto
424 1249 562 1292 hodie
580 1252 828 1305 suscipere,
841 1254 959 1294 sicut
973 1257 1019 1294 te
1036 1251 1239 1304 suscepit
1256 1254 1302 1291 et
1315 1250 1492 1292 deside-

169 1321 291 1361 ravit
321 1321 610 1361 sanctissima
639 1327 786 1363 mater
808 1327 910 1375 tua,
936 1323 1144 1377 gloriosa
1167 1321 1298 1375 virgo
1324 1321 1490 1371 Maria,

172 1389 353 1443 quando
371 1390 547 1445 Angelo
575 1393 912 1446 evangelizanti
936 1393 1024 1433 sibi
1048 1392 1375 1433 incarnationis
1395 1404 1491 1445 my-

171 1460 361 1500 sterium
383 1458 617 1502 humiliter
642 1474 695 1503 ac
713 1461 878 1504 devote
900 1462 1158 1516 respondit:
1205 1461 1373 1513 Ecce,
1407 1474 1491 1501 an-

172 1530 312 1570 cilla
341 1531 383 1572 D
397 1531 592 1582 omini,
624 1530 735 1572 fiat
766 1531 901 1574 mihi
933 1531 1234 1573 secundum
1265 1531 1487 1572 verbum

166 1604 330 1641 tuum.

250 1671 290 1711 3.
323 1671 383 1713 Et
398 1672 517 1713 sicut
531 1673 695 1714 beatus
711 1684 988 1727 praecursor
1007 1676 1111 1713 tuus
1122 1702 1134 1723 ‚
1162 1671 1488 1718 excellentissi-

163 1752 263 1780 mus
283 1739 577 1793 Sanctorum,
595 1743 621 1783 J
626 1755 796 1784 oannes
812 1742 1045 1796 Baptista,
1067 1742 1112 1782 in
1129 1742 1392 1795 praesentia
1407 1745 1487 1782 tua

161 1809 466 1852 laetabundus
486 1812 731 1853 exsultavit
745 1813 791 1852 in
808 1812 978 1867 gaudio
998 1812 1185 1865 spiritus
1203 1809 1363 1861 sancti,
1380 1810 1486 1850 dum

164 1877 314 1921 adhuc
336 1882 557 1923 maternis
591 1882 883 1924 clauderetur
906 1881 1182 1932 visceribus3
1215 1885 1262 1922 et
1283 1885 1485 1935 postmo-

164 1948 271 1989 dum
289 1963 477 1993 cernens
494 1952 615 1993 inter
631 1951 838 1993 homines
847 1952 873 1993 J
878 1965 1004 1993 esum
1018 1951 1338 2001 ambulantem,
1349 1949 1482 1991 valde

162 2030 214 2059 se
230 2017 499 2071 humilians,
526 2021 693 2063 devoto
719 2035 820 2063 cum
838 2020 1008 2063 affectu
1025 2021 1228 2063 dicebat:
1265 2020 1481 2062 Amicus

163 2093 349 2130 autem
379 2103 439 2144 sp
453 2091 602 2142 onsi,
636 2092 729 2146 qui
759 2097 876 2133 stat
907 2096 962 2133 et
993 2092 1153 2134 audit
1181 2101 1320 2142 eum,
1356 2102 1480 2145 gau·

253 2233 284 2263 2.
311 2229 401 2266 Luc.
420 2234 453 2272 1,
468 2233 529 2266 33.
558 2251 604 2259 -
650 2235 684 2266 a.
711 2232 848 2267 Joann.
865 2234 899 2272 3,
914 2234 972 2266 29.
