1530 2517
149 137 175 179 6
559 137 643 175 DE
675 138 1075 176 IMITATIONE

233 235 273 276 3.
308 235 488 285 Quanto
507 234 609 289 plus
628 238 674 276 et
688 234 852 276 melius
871 235 983 285 scis,
1009 238 1137 276 tanto
1165 235 1349 289 gravius
1367 235 1474 276 inde

147 306 451 362 judicaberis,
476 305 565 345 nisi
589 305 789 346 sanctius
813 305 996 346 vixeris.
1056 304 1166 346 Noli
1184 318 1293 360 ergo
1315 306 1476 346 extolli

153 377 210 418 de
229 376 322 416 ulla
341 380 438 416 arte
454 374 528 415 vel
553 375 767 426 scientia,
795 374 877 416 sed
893 375 1045 428 potius
1063 375 1172 416 time
1192 375 1248 416 de
1268 375 1376 416 data
1391 376 1477 416 tibi

151 447 331 487 notitia.
394 445 444 487 Si
458 445 544 486 tibi
574 444 776 495 videtur,
819 445 942 499 quod
979 444 1124 485 multa
1162 447 1252 487 scis
1287 453 1333 487 et
1363 446 1475 486 satis

153 518 270 558 bene
287 516 529 570 intelligis:
557 516 671 556 scito
696 519 872 565 tamen,
900 515 1008 568 quia
1032 519 1136 556 sunt
1158 515 1302 556 multo
1328 514 1477 569 plura,

154 598 271 640 quae
302 586 467 627 nescis.
528 584 638 626 Noli
670 584 812 625 altum
843 596 1022 637 sapere,
1056 584 1139 626 sed
1168 585 1477 639 ignorantiam

152 663 279 696 tuam
294 656 441 710 magis
459 653 623 695 fatere.
686 653 807 704 Quid
822 658 868 694 te
879 654 946 694 vis
959 654 1097 695 alicui
1111 653 1364 707 praeferre,
1377 667 1478 695 cum

152 725 307 780 plures
348 725 580 767 doctiores
618 728 665 765 te
695 723 984 764 inveniantur
1025 728 1071 764 et
1107 725 1255 778 magis
1294 725 1342 764 in
1372 724 1477 778 lege

152 793 316 849 periti‘}
350 793 400 836 Si
423 794 491 835 vis
524 793 701 834 utiliter
726 792 900 847 aliquid
925 794 1042 835 scire
1071 798 1117 834 et
1140 794 1341 845 discere,
1376 806 1479 834 ama

153 865 325 907 nesciri
342 869 387 906 et
402 876 484 918 pro
503 862 646 905 nihilo
664 864 884 917 reputari.
1481 907 1485 917 2

238 935 278 975 4.
309 935 442 976 Haec
473 939 544 976 est
581 934 806 975 altissima
845 937 891 974 et
921 933 1166 974 utilissima
1205 933 1367 984 lectio,
1409 934 1481 974 sui

152 1006 296 1060 ipsius
321 1017 431 1046 vera
457 1003 657 1058 cognitio
686 1007 732 1044 et
756 1002 1007 1057 despectio
1065 1004 1137 1045 De
1163 1016 1213 1044 se
1238 1004 1338 1057 ipso
1366 1002 1480 1044 nihil

151 1082 311 1118 tenere
331 1080 377 1117 et
393 1075 449 1117 de
468 1074 571 1115 aljis
589 1085 771 1127 semper
785 1073 902 1115 bene
922 1078 968 1114 et
985 1073 1075 1114 alte
1094 1074 1262 1115 sentire
1274 1104 1286 1124 ,
1311 1086 1480 1128 magna

153 1146 381 1200 sapientia
406 1149 478 1186 est
502 1149 547 1186 et
571 1142 813 1198 perfectio.
875 1142 925 1186 Si
939 1143 1121 1185 videres
1148 1144 1287 1184 alium
1320 1148 1479 1198 aperte

151 1228 346 1270 peccare
363 1215 439 1256 vel
455 1214 611 1269 aliqua
627 1214 787 1268 gravia
803 1217 1093 1267 perpetrare,
1112 1226 1203 1254 non
1222 1213 1414 1255 deberes
1432 1218 1478 1254 te

151 1291 307 1327 tamen
335 1284 577 1325 meliorem
610 1284 877 1334 aestimare,
911 1283 1018 1337 quia
1047 1282 1221 1333 nescis,
1263 1280 1479 1336 quamdiu

151 1356 303 1411 possis
319 1356 367 1395 in
381 1355 504 1396 bono
524 1359 661 1395 stare.
724 1354 891 1395 Omnes
908 1352 1100 1407 fragiles
1119 1365 1295 1403 sumus3
1323 1351 1404 1393 sed
1430 1356 1477 1391 tu

151 1426 379 1468 neminem
395 1424 685 1479 fragiliorem
701 1428 747 1464 te
764 1423 866 1477 ipso
884 1422 1077 1465 tenebis.

652 1633 979 1656 ——aezeooe-

595 1827 858 1874 CAPUT
920 1828 1025 1873 111.

527 1926 592 1969 De
634 1926 839 1969 doctrina
885 1926 1099 1968 veritatzs.

235 2065 277 2105 1.
313 2047 471 2114 Felix,
509 2075 643 2117 quem
673 2065 843 2105 veritas
883 2075 965 2116 per
982 2075 1031 2104 se
1065 2062 1223 2112 docet,
1264 2073 1355 2102 non
1394 2073 1478 2114 per

149 2137 322 2193 figuras
356 2145 403 2181 et
431 2152 571 2181 voces
602 2146 916 2191 transeuntes,
957 2139 1040 2181 sed
1072 2139 1207 2180 sicuti
1239 2151 1288 2178 se
1320 2136 1474 2177 habet.

149 2208 323 2250 Nostra
340 2210 494 2263 opinio
515 2215 561 2252 et
575 2216 734 2252 noster
751 2223 910 2252 sensus
928 2222 1066 2263 saepe
1084 2221 1168 2249 nos
1187 2207 1309 2248 fallit
1319 2212 1364 2247 et
1381 2218 1476 2246 mo·

151 2278 299 2320 dicum
327 2280 462 2321 videt.
527 2281 646 2330 Quid
670 2280 860 2334 prodest
883 2292 1050 2335 magna
1076 2279 1305 2321 cavillatio
1326 2277 1381 2318 de
1402 2290 1475 2317 oc-
