1530 2517
151 138 231 177 1128
549 139 630 175 DE
662 140 1063 178 IMITATIONE

148 240 253 275 tuus
265 265 276 285 ‚
304 235 385 275 fiat
402 233 552 275 hocin
570 235 753 277 nomine
770 239 868 277 tuo.
926 237 1147 288 Domine,
1168 238 1208 278 si
1223 236 1335 278 mihi
1352 237 1473 279 vide-

146 305 211 344 ris
232 304 450 357 expedire
470 312 515 345 et
530 305 643 346 utile
662 318 764 347 esse
780 306 1050 359 probaveris
1062 337 1074 357 ‚
1100 311 1209 348 tunc
1225 306 1347 348 dona
1363 306 1476 348 mihi

148 372 239 414 hoc
254 374 321 414 uti
339 374 398 414 ad
415 373 637 416 honorem
653 380 794 416 tuum.
852 376 944 418 Sed
959 377 1000 417 si
1016 375 1129 417 mihi
1145 377 1355 417 nocivum
1372 376 1475 418 fore

151 445 426 498 cognoveris
448 458 534 486 nec
560 446 738 487 animae
758 459 890 487 meae
916 446 1055 487 saluti
1070 446 1317 500 prodesse,
1345 447 1476 488 aufer

150 525 177 552 a
200 526 273 554 me
296 513 391 555 tale
418 514 711 557 desiderium.
771 516 876 558 Non
902 517 1022 557 enim
1046 529 1178 557 omne
1197 516 1476 557 desiderium

150 587 220 623 est
237 595 264 623 a
281 584 445 637 spiritu
463 591 621 627 sancto
634 616 647 637 ,
678 587 860 627 etiamsi
878 584 1052 627 homini
1067 585 1278 627 videatur
1300 590 1476 627 rectum

149 657 195 693 et
209 653 393 695 bonum.
441 655 643 698 Difficile
662 661 732 698 est
747 669 830 710 pro
849 669 959 697 vero
974 656 1200 711 judicare,
1218 659 1371 697 utrum
1387 657 1475 709 spi-

145 724 262 764 ritus
287 723 434 766 bonus
461 738 518 766 an
545 727 721 768 alienus
738 731 784 768 te
802 726 1012 780 impellat
1037 726 1096 767 ad
1121 725 1475 767 desiderandum

147 791 236 835 hoc
252 795 326 836 vel
342 795 481 847 illud,
508 809 565 837 an
593 798 732 838 etiam
758 809 814 838 ex
830 797 1017 850 proprio
1042 797 1271 838 movearis
1297 796 1474 849 spiritu.

146 863 284 905 Multi
299 866 346 905 in
364 866 452 907 fine
471 872 576 907 sunt
592 866 795 920 decepti,
825 867 901 921 qui
918 867 1065 920 primo
1083 867 1205 908 bono
1233 866 1396 920 spiritu
1413 866 1491 905 vis.

150 934 374 976 debantur
389 936 580 978 inducti.

232 1006 272 1045 2.
303 1006 449 1060 Igitur
473 1020 655 1060 semper
681 1020 782 1048 cum
808 1009 972 1048 timore
990 1008 1081 1049 Dei
1100 1011 1146 1048 et
1162 1005 1314 1047 cordis
1332 1004 1474 1045 humi-

147 1074 278 1116 litate
297 1075 651 1118 desiderandum
670 1082 741 1118 est
759 1083 804 1118 et
819 1077 1065 1131 petendum
1077 1107 1088 1127 ,
1118 1075 1338 1131 quidquid
1356 1075 1474 1116 desi-

150 1144 355 1188 derabile
372 1148 514 1189 menti
532 1148 752 1198 occurrit,
776 1148 1065 1201 maximeque
1085 1158 1185 1188 cum
1200 1146 1389 1199 propria
1403 1158 1475 1186 re-

149 1216 410 1270 signatione
434 1216 546 1258 mihi
561 1222 710 1258 totum
735 1217 1108 1258 committendum
1134 1220 1226 1266 est,
1255 1220 1391 1270 atque
1410 1216 1476 1256 di-

150 1286 363 1327 cendum:
389 1288 603 1339 Domine,
614 1293 665 1328 tu
681 1289 770 1329 scis
784 1287 983 1342 qualiter
998 1286 1161 1326 melius
1182 1290 1273 1336 est3
1291 1286 1372 1326 fiat
1388 1284 1477 1326 hoc

150 1356 223 1396 vei
238 1356 368 1407 illud,
385 1358 504 1399 sicut
522 1358 737 1399 volueris.
795 1358 870 1399 Da
888 1356 1011 1411 quod
1027 1356 1094 1397 vis
1115 1360 1160 1397 et
1178 1359 1393 1410 quantum
1410 1355 1477 1395 vis

153 1431 197 1466 et
222 1427 403 1481 quando
429 1429 512 1469 vis.
571 1429 667 1469 Fac
689 1440 891 1477 mecum,
924 1428 1043 1468 siout
1066 1426 1155 1467 scis
1184 1430 1230 1466 et
1254 1426 1372 1466 sicut
1395 1425 1480 1465 tibi

151 1498 298 1551 magis
322 1498 549 1551 placuerit
582 1504 627 1539 et
657 1498 808 1551 major
833 1496 983 1538 honor
1005 1502 1111 1538 tuus
1135 1495 1291 1537 fuerit.
1351 1494 1480 1536 Pone

151 1579 223 1607 me
241 1567 411 1619 ubivis,
426 1574 471 1609 et
486 1569 631 1610 libere
650 1580 737 1622 age
754 1580 933 1608 mecum
947 1567 996 1607 in
1014 1567 1235 1608 omnibus.
1277 1567 1328 1607 In
1343 1578 1478 1606 manu

151 1646 231 1676 tua
248 1651 369 1689 sum,
396 1651 514 1692 gyra
531 1643 577 1680 et
592 1650 781 1679 reversa
796 1650 868 1677 me
886 1650 969 1690 per
986 1638 1239 1679 circuitum.
1297 1637 1367 1677 En
1385 1650 1477 1677 ser-

156 1721 233 1747 vus
250 1711 354 1748 tuus
382 1721 493 1762 ego,
520 1713 707 1762 paratus
732 1707 791 1748 ad
810 1708 984 1758 omnia,
1012 1709 1227 1762 quoniam
1251 1720 1342 1748 non
1361 1707 1474 1748 desi-

155 1779 265 1819 dero
283 1778 395 1820 mihi
413 1780 581 1830 vivere,
600 1779 681 1820 sed
698 1779 804 1826 tibi;
837 1779 1012 1819 utinam
1030 1778 1166 1833 digne
1187 1783 1232 1820 et
1247 1776 1475 1832 perfecte.

311 1939 470 1980 Oratio
498 1953 584 1993 pro
619 1936 887 1992 beneplacito
920 1936 1011 1978 Dei
1035 1936 1323 1993 perficiendo.

237 2055 278 2095 3.
312 2052 525 2095 Concede
565 2049 699 2101 mihi,
739 2050 1068 2104 benignissime
1099 2049 1233 2100 Jesu,
1281 2049 1477 2103 gratiam

153 2133 294 2175 tuam,
312 2129 363 2164 ut
377 2135 553 2164 mecum
572 2123 632 2163 sit
650 2126 695 2162 et
710 2133 889 2162 mecum
905 2121 1101 2171 laboret,
1119 2130 1387 2173 mecumque
1405 2131 1477 2159 us-

157 2208 243 2249 que
268 2196 316 2235 in
340 2195 476 2235 finem
501 2195 780 2246 perseveret.
839 2192 914 2232 Da
930 2189 1042 2231 mihi
1059 2189 1148 2231 hoc
1164 2202 1345 2243 semper
1362 2188 1480 2229 desi-

158 2266 321 2308 derare
355 2270 401 2307 et
431 2263 572 2312 velle,
616 2261 738 2315 quod
769 2262 851 2301 tibi
884 2262 1031 2314 magis
1066 2265 1299 2313 acceptum
1335 2263 1403 2299 est
1436 2262 1481 2298 et
