1530 2517
171 108 251 149 138
578 108 661 144 DE
691 109 1090 148 IMITATIONE

253 210 293 248 2.
325 207 394 248 Ad
409 205 500 248 hoc
515 220 682 262 magna
695 209 946 263 requiritur
962 209 1134 263 gratia,
1159 220 1275 262 quae
1294 210 1489 250 animam

168 278 290 319 levet
316 281 363 318 et
386 289 524 330 supra
548 283 695 319 semet
717 279 862 332 ipsam
879 279 1045 332 rapiat.
1105 279 1164 318 Et
1178 278 1267 319 nisi
1283 277 1420 320 homo
1439 281 1491 320 fit

165 349 213 388 in
230 347 392 400 spiritu
411 347 615 388 elevatus
636 352 682 389 et
706 350 763 390 ab
793 349 999 390 omnibus
1028 349 1250 389 creaturis
1266 348 1487 390 liberatus

166 430 220 459 ac
242 418 345 459 Deo
369 421 494 458 totus
518 418 693 468 unitus,
721 418 941 473 quidquid
965 419 1072 469 scit,
1104 417 1323 473 quidquid
1350 420 1486 460 etiam

163 487 323 539 habet,
348 500 441 528 non
467 493 537 529 est
558 489 714 542 magni
737 488 970 542 ponderis.
1030 489 1122 529 Diu
1138 501 1304 542 parvus
1330 490 1417 530 erit
1442 494 1487 531 et

162 558 284 599 infra
303 558 498 612 jacebit,
527 558 603 611 qui
621 558 794 612 aliquid
815 570 1030 612 magnum
1048 559 1282 609 aestimat,
1307 560 1396 600 nisi
1412 572 1484 600 so-

160 629 255 669 lum
270 640 422 678 unum,
440 628 724 678 immensum,
745 632 981 669 aeternum
996 629 1179 668 bonum.
1221 628 1338 669 Nam
1357 630 1484 684 quid-

161 698 271 753 quid
286 699 413 739 Deus
431 711 520 738 non
541 702 631 748 est,
656 696 772 738 nihil
796 701 868 738 est
892 702 939 739 et
953 711 1037 752 pro
1063 697 1206 739 nihilo
1227 702 1482 753 computari

161 768 311 809 debet.
355 768 439 808 Est
454 779 621 821 magna
639 765 916 818 differentia,
935 769 1162 821 sapientia
1177 769 1422 810 illuminati
1440 775 1486 811 et

159 838 316 879 devoti
337 838 424 878 viri
451 843 496 878 et
520 835 714 878 scientia
736 838 911 879 literati
936 841 1072 893 atque
1098 839 1294 879 studiosi
1312 839 1489 892 clerici„

157 908 304 948 Multo
330 908 532 948 nobilior
558 913 627 949 est
650 909 733 948 illa
758 908 990 958 doctrina,
1019 921 1136 963 quae
1163 908 1401 950 desursum
1428 922 1484 950 ex

157 978 311 1019 divina
326 977 565 1019 influentia
580 984 758 1030 manat,
786 991 920 1033 quam
940 991 1056 1032 quae
1074 978 1309 1021 laboriose
1327 978 1482 1020 huma-

154 1060 214 1089 no
235 1048 487 1102 acquiritur
502 1048 706 1102 ingenio.

237 1126 278 1168 3.
309 1126 470 1167 Plures
486 1127 779 1179 reperiuntur
796 1127 1228 1181 contemplationem
1246 1127 1478 1168 desidera·

157 1208 228 1247 re,
255 1196 338 1237 sed
356 1208 472 1250 quae
500 1196 558 1236 ad
584 1209 685 1237 eam
699 1197 1015 1251 requiruntur,
1041 1209 1133 1237 non
1150 1196 1334 1237 student
1351 1209 1477 1237 exer·
1527 1197 1530 1233 Ξ

154 1278 274 1307 cere.
333 1266 417 1307 Est
434 1271 481 1306 et
495 1278 710 1320 magnum
725 1267 1100 1320 impedimentum
1111 1296 1123 1317 ,
1148 1267 1254 1320 quia
1271 1267 1318 1306 in
1335 1267 1477 1321 signis
1526 1250 1530 1261 Ι

154 1341 199 1376 et
215 1336 508 1377 sensibilibus
524 1337 663 1377 rebus
681 1341 829 1377 statur
847 1342 1063 1390 etparum
1074 1335 1348 1389 deperfecta
1359 1349 1478 1377 mor·
1528 1324 1530 1339 ¹

151 1405 407 1446 tificatione
432 1404 641 1447 habetur.
699 1406 869 1448 Nescio
899 1406 1008 1460 quid
1033 1410 1103 1447 est
1129 1410 1175 1446 et
1200 1418 1288 1459 quo
1314 1407 1478 1460 spiritu

153 1474 381 1526 ducimur,
411 1481 456 1516 et
480 1475 587 1530 quid
604 1476 969 1529 praetendimus,
997 1476 1075 1530 qui
1099 1476 1360 1528 spirituales
1387 1476 1477 1517 dici

151 1544 378 1585 videmur:
400 1545 521 1599 quod
538 1550 715 1586 tantum
731 1546 938 1587 laborem
958 1550 1004 1586 et
1020 1545 1290 1598 ampliorem
1306 1545 1476 1586 sollici-

150 1614 355 1655 tudinem
371 1627 454 1668 pro
471 1617 751 1657 transitoriis
778 1621 824 1656 et
838 1616 1004 1655 vilibus
1031 1616 1230 1669 agimus,
1259 1620 1305 1656 et
1329 1615 1385 1657 de
1410 1617 1475 1655 in-

111 1695 115 1697 ·
151 1685 397 1725 terior-ibus
423 1687 594 1726 nostris
611 1687 686 1726 vix
712 1691 791 1726 aut
812 1697 920 1727 raro
940 1686 1076 1740 plene
1094 1685 1357 1726 recollectis
1375 1698 1475 1726 sen-

152 1755 276 1797 sibus
297 1755 568 1808 cogitamus.

235 1824 274 1864 4.
306 1824 432 1865 Proh
450 1824 604 1866 dolor!
639 1825 793 1865 statim
809 1829 916 1878 post
938 1824 1164 1865 modicam
1186 1823 1475 1865 recollectio-

150 1907 254 1934 nem
271 1893 398 1935 foras
419 1895 695 1948 erumpimus
712 1908 798 1936 nec
816 1908 958 1949 opera
975 1900 1133 1935 nostra
1146 1894 1352 1936 districta
1369 1906 1475 1935 exa-

151 1964 400 2005 minatione
418 1966 705 2005 trutinamus.
738 1965 828 2006 Ubi
840 1965 997 2018 jacent
1007 1963 1200 2005 affectus
1211 1965 1370 2015 nostri,
1384 1977 1474 2004 non

151 2034 439 2085 attendimus,
454 2039 500 2075 et
516 2047 651 2089 quam
666 2035 846 2089 impura
862 2035 953 2076 sint
970 2035 1136 2084 omnia,
1151 2046 1244 2079 non
1261 2033 1473 2087 deplora-

149 2116 263 2144 mus.
334 2105 521 2145 Omnis
559 2105 765 2159 quippe
799 2117 928 2146 caro
963 2108 1298 2156 corruperat
1329 2104 1474 2144 viam

242 2243 274 2273 4.
305 2238 441 2274 Genes·
462 2243 494 2280 6,
514 2245 566 2275 12.
