1530 2517
307 113 570 150 CHRISTI
625 114 735 150 LIB.
768 114 838 151 111.
873 116 993 151 CAP.
1028 117 1092 152 55.
1287 117 1367 156 185

41 211 133 252 veri
150 208 348 264 falsique
368 209 646 261 distantiam,
665 210 776 251 licet
790 210 1018 264 impotens
1037 213 1096 252 sit
1114 213 1366 268 adimplere

38 293 172 322 omne
192 280 316 335 quod
334 281 582 334 approbat,
600 293 687 322 nec
703 281 840 334 pleno
855 281 952 334 Jam
969 281 1146 342 lumine*
1157 285 1364 326 veritatis

2 351 7 398 ’ξ
35 364 120 392 nec
136 352 334 392 sanitate
353 350 650 392 affectionum
668 364 854 392 suarum
870 353 1086 405 potiatur.

2 404 5 480 Α
48 462 51 466 ,

0 659 4 753 b

120 429 162 471 3.
197 430 319 471 Hinc
338 435 408 471 est
423 430 551 471 Deus
571 442 714 480 meus,
736 429 859 483 quod
893 430 1265 474 condelector
1295 433 1366 475 le-

33 501 88 555 gi
135 505 267 542 tuae
324 500 630 542 seeundum
675 500 1017 542 interiorem
1062 500 1367 555 hominem,

35 571 186 612 sciens
209 570 475 611 mandatum
500 575 630 611 tuum
655 568 758 610 fore
783 570 974 623 bonum,
997 572 1170 626 justum
1197 578 1242 614 et
1266 585 1367 614 san-

35 646 181 694 etum,
212 655 410 697 arguens
438 643 577 683 etiam
604 653 737 682 omne
763 641 934 681 malum
964 647 1010 682 et
1033 647 1273 696 peceatum
1298 643 1366 684 fu-

32 711 265 766 giendum.
329 713 476 754 Carne
518 716 672 752 autem
704 712 855 752 servio
889 711 985 766 legi
1016 715 1218 766 peccati,
1260 714 1366 754 dum

32 783 182 837 magis
200 779 493 824 sensualitati
512 780 702 832 obedio,
731 794 866 836 quam
888 783 1076 823 rationi.
1134 784 1257 825 Hinc
1282 793 1365 835 est,

35 852 160 907 quod
191 853 576 910 vellevbonum
606 851 740 893 mihi
780 852 1032 907 adjacet,
1076 854 1366 907 perficere

35 928 219 964 autem
265 936 372 965 non
419 924 665 965 invenio.
724 924 848 965 Hine
887 936 1028 978 saepe
1067 924 1213 964 multa
1245 925 1369 966 bona

35 1006 245 1048 propono
259 1025 271 1045 ,
297 994 376 1036 sed
398 995 505 1049 quia
523 995 676 1048 gratia
694 994 827 1035 deest
845 994 904 1035 ad
922 994 1229 1049 adjuvandum
1245 996 1369 1037 infir-

35 1065 245 1106 mitatem
268 1077 435 1116 meam,
462 1077 519 1106 ex
535 1065 628 1105 levi
646 1065 914 1106 resistentia
935 1065 1096 1107 resilio
1125 1070 1170 1106 et
1188 1065 1368 1107 deficio.

36 1136 158 1177 Hine
190 1135 382 1186 accidit,
418 1135 542 1190 quod
573 1136 694 1176 viam
725 1134 1028 1188 perfectionis
1062 1148 1289 1190 agnosco,
1325 1144 1371 1177 et

38 1206 237 1261 qualiter
262 1218 404 1261 agere
431 1205 648 1256 debeam,
678 1205 802 1247 clare
829 1207 942 1247 satis
966 1207 1127 1258 video,
1158 1207 1241 1248 sed
1264 1219 1369 1261 pro-

37 1278 166 1332 priae
200 1277 508 1331 corruptionis
541 1275 748 1330 pondere
778 1274 965 1331 pressus
999 1277 1058 1318 ad
1088 1277 1372 1332 perfectiora

38 1360 129 1389 non
148 1360 358 1402 assurgo.
1136 1359 1138 1362 ’

120 1418 160 1458 4.
195 1419 232 1460 Ο
253 1431 388 1473 quam
405 1419 605 1459 maxime
625 1422 695 1459 est
710 1416 822 1458 mihi
838 1419 1126 1469 necessaria,
1152 1418 1367 1469 Domine,

35 1493 117 1529 tua
141 1490 295 1543 gratia
321 1489 381 1530 ad
403 1488 715 1530 inchoandum
737 1490 929 1540 bonum,
957 1490 1015 1530 ad
1037 1489 1369 1543 proficiendum

39 1564 85 1600 et
108 1559 168 1600 ad
190 1558 543 1614 perficiendum!
603 1559 722 1601 Nam
748 1559 846 1600 sine
873 1571 930 1600 ea
952 1558 1068 1600 nihil
1090 1572 1279 1614 possum
1301 1558 1368 1599 fa-

19 1643 167 1672 eere:
217 1632 405 1672 omnia
453 1635 638 1673 autem
685 1643 914 1684 possum
958 1631 1015 1671 in
1054 1635 1108 1671 te
1148 1629 1369 1671 eonfor-

6 1998 21 2270 1

35 1705 193 1742 tante
225 1713 298 1742 me
322 1702 488 1756 gratia.
552 1702 589 1743 O
607 1714 715 1743 vere
735 1701 950 1742 coelestis
968 1702 1140 1756 gratia,
1160 1701 1259 1741 sine
1279 1713 1367 1754 qua

37 1771 164 1812 nulla
189 1777 295 1813 sunt
317 1773 507 1827 propria
530 1773 720 1823 merita,
747 1772 873 1812 nulla
892 1784 1074 1827 quoque
1100 1771 1222 1812 dona
1237 1777 1365 1811 natu-

35 1854 118 1883 rae
144 1841 468 1896 ponderanda!
527 1841 656 1884 Nihil
688 1847 834 1893 artes,
866 1840 982 1882 nihil
1009 1841 1219 1893 divitiae,
1253 1840 1366 1882 nihil

35 1910 327 1966 pulchritudo
344 1914 416 1954 vel
431 1912 674 1963 fortitudo,
687 1912 801 1953 nihil
816 1913 1050 1968 ingenium
1058 1911 1133 1954 vel
1150 1911 1365 1965 eloquen-

35 1983 103 2024 tia
118 1983 275 2025 valent
293 1984 415 2037 apud
430 1988 500 2033 te,
521 1983 745 2034 Domine,
769 1984 866 2024 sine
884 1983 1049 2038 gratia.
1108 1982 1226 2023 Nam
1244 1981 1365 2022 dona

36 2059 229 2095 naturae
253 2054 388 2095 bonis
423 2058 469 2094 et
492 2052 627 2093 malis
660 2057 766 2093 sunt
791 2054 1072 2103 communia3
1113 2052 1364 2093 electorum

37 2128 190 2165 autem
206 2125 444 2178 proprium
463 2123 632 2164 donum
661 2127 731 2164 est
754 2124 906 2178 gratia
921 2124 1018 2165 sive
1037 2122 1222 2164 dilectio
1235 2152 1247 2173 ‚
1275 2133 1364 2176 qua

132 2265 164 2294 3.
193 2264 299 2297 Rom.
320 2267 352 2303 τ,
369 2267 426 2298 22.
477 2264 535 2298 lb.
553 2276 607 2297 vs.
631 2267 684 2298 18.
710 2284 756 2289 -
805 2268 839 2298 4.
865 2264 1039 2309 Philipp.
1058 2267 1091 2303 4,
1112 2267 1165 2297 13.
