1530 2517
145 126 196 164 12
350 176 351 179 Ἴ
541 126 625 162 DE
663 127 1064 166 IMITATIONE

578 352 838 401 CAPUT
899 355 1026 400 VII.

356 466 427 508 De
463 480 578 509 vana
611 480 683 522 spe
717 474 760 509 et
791 468 979 509 elatione
998 468 1237 526 sicgienda.

222 617 262 655 1.
304 601 463 657 Vanus
482 621 573 668 est,
601 618 678 671 qui
702 629 828 670 spem
846 629 974 658 suam
989 619 1120 671 ponit
1134 619 1183 658 in
1199 617 1456 658 hominibus

139 690 278 729 autin
304 690 540 730 creaturis.
598 689 703 731 Non
718 694 764 731 te
789 691 962 744 pudeat
985 691 1086 731 aliis
1111 691 1282 731 servire
1301 702 1456 730 amore

135 759 161 798 J
166 771 247 799 esu
265 757 448 810 Christi,
464 764 511 800 et
523 772 772 814 pauperem
787 761 834 801 in
850 759 940 802 hoc
956 760 1141 802 saeculo
1158 752 1330 801 videri.v
1350 759 1454 801 Non

136 832 229 870 stes
247 841 385 883 super
399 833 445 870 te
462 828 626 882 ipsum,
644 829 726 871 sed
740 831 788 870 in
803 831 905 872 Deo
925 828 1052 885 spem
1066 835 1193 871 tuam
1211 829 1452 872 constitue.

133 898 228 940 Fac
253 898 376 953 quod
398 899 446 939 in
469 903 515 940 te
542 904 611 941 est
620 930 631 951 ,
667 904 712 941 et
733 900 861 941 Deus
887 899 1036 940 aderit
1057 899 1207 941 bonae
1231 898 1457 941 voluntati
1504 914 1506 916 ·

132 973 256 1009 tuae.
316 967 422 1010 Non
440 969 642 1010 confidas
659 970 706 1010 in
721 974 803 1010 tua
819 969 1012 1011 scientia
1027 969 1102 1011 vel
1120 970 1289 1010 astutia
1305 970 1453 1023 cujus-

134 1051 309 1093 cunque
324 1039 533 1090 viventis,
552 1039 635 1081 sed
650 1041 796 1094 magis
813 1040 860 1079 in
876 1040 967 1080 Dei
983 1040 1147 1093 gratia,
1168 1040 1245 1094 qui
1259 1037 1452 1079 humiles

135 1108 322 1162 adjuvat
338 1112 385 1150 et
401 1107 456 1150 de
473 1122 524 1150 se
540 1114 882 1163 praesumentes
900 1108 1122 1150 humiliat.

217 1194 257 1232 2.
288 1191 359 1234 Ne
376 1192 592 1248 glorieris
608 1194 656 1234 in
673 1193 857 1245 divitiis,
871 1195 910 1234 si
928 1194 1105 1245 adsunt,
1118 1206 1203 1235 nec
1216 1194 1265 1233 in
1282 1193 1454 1242 amicis,

136 1263 243 1316 quia
258 1266 471 1316 potentes
488 1267 605 1314 sunt,
625 1263 707 1304 sed
723 1264 770 1303 in
787 1265 905 1315 Deo,
926 1265 1003 1319 qui
1021 1264 1174 1304 onmia
1189 1266 1394 1317 praestat
1411 1266 1457 1303 et

133 1345 183 1373 se
200 1332 349 1386 ipsum
364 1345 503 1386 super
520 1334 673 1374 omnia
690 1333 799 1375 dare
818 1333 1063 1374 desiderat.
1120 1332 1226 1374 Non
1250 1336 1295 1372 te
1315 1331 1458 1372 extol-

133 1401 203 1442 las
222 1401 277 1443 de
301 1402 614 1457 magnitudine
638 1402 713 1444 vel
728 1401 1064 1456 pulchritudine
1091 1402 1320 1456 corporis,
1340 1413 1456 1455 quae

133 1471 317 1513 modica
332 1473 597 1514 infirmitate
624 1473 928 1527 corrumpitur
946 1477 992 1514 et
1009 1471 1296 1513 defoedatur.
1355 1470 1458 1512 Non

134 1542 320 1595 placeas
350 1543 437 1583 tibi
465 1543 555 1597 ipsi
587 1542 644 1585 de
676 1541 916 1584 habilitate
949 1546 1028 1583 aut
1056 1542 1240 1595 ingenio
1271 1545 1367 1591 tuo,
1400 1553 1457 1581 ne

138 1611 382 1665 displiceas
399 1613 501 1653 Deo
513 1643 525 1663 ,
553 1613 680 1666 qu'us
700 1616 770 1653 est
783 1616 953 1662 totum,
974 1609 1191 1666 quidquid
1205 1610 1317 1651 boni
1330 1614 1459 1650 natu-

136 1682 298 1723 raliter
314 1680 543 1723 habueris.

223 1765 262 1805 3.
294 1765 399 1806 Non
414 1770 460 1806 te
476 1772 662 1819 reputes
682 1767 784 1808 aliis
801 1766 1061 1816 meliorem,
1086 1778 1143 1806 ne
1167 1765 1288 1806 forte
1307 1776 1460 1805 coram

139 1835 241 1875 Deo
261 1835 465 1876 deterior
489 1834 724 1886 habearis,
753 1837 830 1891 qui
853 1837 960 1887 scit,
989 1835 1097 1890 quid
1115 1836 1244 1877 estin
1261 1833 1458 1875 homine.

139 1905 244 1946 Non
276 1907 514 1959 superbias
541 1906 597 1948 de
631 1907 845 1960 operibus
876 1907 1032 1956 bonis,
1068 1907 1175 1960 quia
1199 1905 1334 1946 aliter
1357 1908 1462 1944 sunt

137 1975 313 2028 judicia
328 1977 432 2027 Dei,
446 1989 580 2030 quam
596 1975 844 2027 hominum,
857 1977 931 2018 cui
946 1989 1085 2030 saepe
1104 1975 1327 2029 displicet,
1340 1972 1463 2027 quod

140 2044 398 2087 hominibus
422 2047 589 2100 placet.
650 2047 700 2089 Si
726 2047 899 2101 aliquid
921 2047 1032 2088 boni
1055 2045 1291 2094 habueris,
1325 2043 1460 2084 crede

141 2115 198 2155 de
232 2116 334 2155 alii-s
364 2117 581 2167 meliora,
622 2122 673 2157 ut
703 2115 1005 2158 humilitatem
1037 2127 1293 2157 conserves.
1360 2113 1463 2154 Non

142 2192 299 2235 nocet,
340 2186 380 2226 si
414 2188 621 2228 omnibus
654 2192 700 2228 te
734 2200 985 2241 supponas:
1026 2191 1163 2227 nocet
1186 2190 1337 2226 autem
1368 2184 1465 2238 plu-

141 2256 326 2306 rimum,
368 2257 408 2297 si
445 2257 519 2298 vel
549 2259 628 2298 uni
658 2263 704 2298 te
744 2270 1017 2311 praeponas.
1083 2257 1212 2311 Jugis
1243 2265 1333 2308 pax
1364 2266 1462 2294 cum
