1530 2517
164 104 244 143 208
563 103 646 138 DE
688 103 1085 140 IMITATIONE

165 200 291 241 nulla
309 198 564 240 consolatio
584 198 720 239 valet.
783 198 889 241 Sine
906 204 953 240 te
972 212 1072 240 esse
1090 212 1293 254 nequeo,
1321 204 1366 241 et
1386 201 1483 241 sine

163 270 427 310 visitatione
457 273 540 308 tua
560 268 715 309 vivere
741 281 833 309 non
858 268 1007 310 valeo.
1065 267 1269 324 Ideoque
1303 275 1486 323 oportet

165 352 236 381 me
254 339 521 393 frequenter
546 337 605 377 ad
620 342 665 378 te
684 337 905 378 accedere
932 342 979 378 et
992 338 1039 377 in
1054 339 1309 379 remedium
1325 340 1484 380 salutis

165 421 297 450 meae
312 409 535 461 recipere,
554 420 610 448 ne
629 407 751 448 forte
770 407 978 448 deficiam
995 409 1041 448 in
1056 409 1148 459 via,
1173 410 1213 449 si
1229 409 1361 450 fuero
1382 421 1483 449 coe-

165 480 273 520 lesti
288 477 527 519 fraudatus
547 476 779 517 alimonia.
842 476 917 518 Sic
935 478 1054 518 enim
1071 483 1135 529 tu,
1154 479 1484 522 misericordis-

168 550 281 589 sime
297 548 429 598 JeSU,
458 546 729 600 praedicans
754 547 935 600 populis
962 552 1008 589 et
1030 550 1183 589 varios
1210 553 1372 589 curans
1389 549 1485 589 lan-

168 631 353 673 guores,
374 616 620 671 aliquando
641 617 817 657 dixisti:
851 616 894 658 N
905 617 995 658 olo
1030 631 1054 659 e
1067 631 1092 658 o
1105 632 1125 658 s
1154 618 1311 672 jejun
1322 631 1346 659 ο
1359 631 1382 661 s
1414 618 1485 659 di-

167 690 396 729 mittere
427 688 475 728 in
501 687 685 728 domum
713 699 862 738 suam,
895 700 960 728 ne
993 687 1268 729 deficiant
1296 689 1352 728 in
1381 689 1487 729 via.

167 760 264 813 Age
280 759 422 813 igitur
437 755 527 798 hoc
541 770 718 799 mecum
735 757 889 808 modo,
906 759 982 812 qui
998 762 1042 799 te
1059 771 1142 812 pro
1161 757 1364 799 fidelium
1381 770 1486 799 con-

169 830 398 871 solatione
420 829 469 869 in
486 832 773 869 sacramento
791 827 1035 882 reliquisti.
1093 829 1166 869 Tu
1184 841 1231 869 es
1252 829 1370 869 enim
1387 840 1488 885 sua-

170 901 238 940 vis
270 898 466 940 refectio
502 899 696 949 animae,
730 902 778 939 et
802 898 878 952 qui
900 903 946 938 te
971 897 1107 952 digne
1131 899 1487 947 manducaverit,

170 970 400 1025 particeps
425 973 470 1010 et
492 966 656 1010 haeres
676 969 763 1009 erit
781 971 995 1008 aeternae
1013 968 1206 1022 gloriae.
1266 968 1488 1010 Necessa-

169 1043 287 1083 rium
305 1039 487 1095 quidem
502 1036 615 1079 mihi
633 1042 725 1089 est,
755 1038 832 1091 qui
846 1041 939 1078 tam
957 1050 1096 1091 saepe
1113 1038 1247 1079 labor
1269 1043 1315 1079 et
1329 1051 1486 1091 pecco,

169 1119 263 1153 tam
281 1112 370 1152 cito
388 1114 603 1163 torpesco
625 1112 670 1149 et
687 1107 1020 1161 defici0,utper
1035 1107 1298 1162 frequentes
1318 1110 1488 1149 oratio-

168 1195 249 1224 nes
269 1185 315 1222 et
332 1178 648 1221 confessiones
668 1181 714 1218 et
731 1189 908 1218 sacram
927 1178 1133 1231 corporis
1149 1180 1217 1219 tui
1232 1181 1488 1233 perceptio-

170 1265 273 1293 nem
302 1262 375 1292 me
404 1261 643 1299 renovem,
668 1247 882 1288 mundem
915 1251 961 1288 et
992 1248 1256 1299 accendam,
1286 1262 1344 1290 ne
1367 1248 1488 1290 forte

171 1321 340 1362 diutius
360 1319 629 1361 abstinendo
650 1331 677 1359 a
693 1322 851 1359 sancto
870 1318 1108 1372 proposito
1129 1317 1340 1360 defluam.

254 1400 293 1441 3.
325 1398 500 1440 Proni
553 1399 673 1439 enim
723 1401 853 1438 sunt
898 1410 1090 1439 sensus
1137 1397 1375 1439 hominis
1423 1399 1489 1439 ad

170 1471 369 1512 malum
401 1470 464 1509 ab
499 1467 892 1508 adolescentia
924 1480 1043 1518 sua,
1078 1472 1124 1509 et
1145 1470 1234 1509 nisi
1255 1474 1491 1510 succurrat

173 1542 325 1582 divina
347 1539 589 1587 medicina,
625 1538 795 1578 labitur
811 1535 948 1578 homo
966 1550 1076 1579 mox
1093 1538 1150 1579 ad
1165 1539 1341 1592 pejora.
1403 1538 1488 1579 Re-

170 1609 312 1652 trahit
330 1622 440 1664 ergo
460 1612 619 1649 sancta
636 1607 892 1665 commun-io
913 1618 940 1647 a
955 1607 1099 1658 malo,
1134 1612 1181 1649 et
1196 1606 1429 1648 confortat
1444 1609 1490 1648 in

171 1683 309 1722 bono.
363 1679 411 1721 Si
430 1679 548 1720 enim
566 1677 702 1718 modo
721 1681 816 1717 tam
833 1689 972 1731 saepe
989 1678 1226 1732 negligens
1245 1690 1344 1718 sum
1363 1683 1409 1719 et
1423 1682 1488 1718 te·

173 1748 520 1805 pidus‚‘quando
540 1748 824 1789 communico
845 1751 923 1787 aut
941 1747 1140 1798 celebro,
1161 1747 1268 1801 quid
1285 1748 1431 1798 fieret,
1451 1748 1490 1787 si

172 1820 399 1862 medelam
425 1831 517 1859 non
542 1830 768 1859 sumerem
798 1822 843 1858 et
863 1822 959 1858 tam
983 1817 1156 1872 grande
1170 1818 1384 1870 juvamen
1399 1830 1489 1857 non

175 1887 466 1945 quaererem&
523 1889 583 1929 Et
607 1889 718 1929 licet
742 1888 865 1928 omni
882 1887 955 1929 die
973 1900 1064 1928 non
1081 1888 1166 1928 sim
1184 1892 1313 1940 aptus
1331 1900 1415 1928 nec
1433 1887 1491 1927 ad

175 1960 496 2003 celebrandum
525 1960 642 2000 bene
676 1958 941 2012 dispositus,
968 1957 1087 1999 dabo
1120 1963 1274 1997 tamen
1306 1968 1492 2009 operam

176 2031 389 2085 congruis
415 2029 697 2082 temporibus
727 2027 879 2070 divina
908 2029 1146 2082 percipere
1177 2027 1412 2080 mysteria,
1440 2039 1493 2066 ac

175 2109 329 2142 tantae
352 2101 530 2154 gratiae
549 2099 818 2152 participem
841 2111 913 2139 me
931 2099 1169 2152 praebere.
1229 2096 1346 2138 Nam
1379 2095 1494 2137 haec

267 2244 299 2274 2.
322 2238 457 2273 Matth.
478 2242 531 2278 15,
551 2241 606 2272 32.
631 2258 677 2264 —
726 2240 757 2271 3.
787 2236 922 2272 Genes.
943 2241 975 2277 8,
994 2241 1036 2271 ‘21
