1530 2517
134 129 216 169 104
503 129 586 165 DE
624 128 1025 166 IMITATIONE

135 227 319 268 solatio.
379 225 438 265 Et
455 229 623 279 quanto
642 230 687 266 te
705 225 806 278 plus
833 226 888 266 ab
911 226 1034 266 omni
1052 230 1362 266 creaturarum
1380 238 1452 266 so-

136 297 248 337 latio
260 294 556 344 subtraxeris,
566 298 694 335 tanto
706 295 753 334 in
769 308 840 336 me
859 296 1096 336 suaviores
1116 296 1452 349 etpotentiores

139 365 478 407 consolationes
495 364 713 406 invenies.
763 364 854 406 Sed
870 366 1015 418 primo
1035 378 1125 405 non
1142 366 1240 406 sine
1260 364 1453 419 quadam

135 436 325 477 tristitia
351 438 396 476 et
411 434 571 476 labore
598 436 858 476 certaminis
883 434 941 475 ad
958 433 1041 475 has
1058 435 1306 489 pertinges.
1368 435 1454 475 Ob-

137 507 270 547 sistet
292 505 457 546 inolita
482 505 787 555 consuetudo,
813 504 897 545 sed
919 504 1102 546 meliori
1128 505 1456 546 consuetudine

141 576 417 617 devincetur.
478 575 846 616 Remurmurabit
871 587 1001 625 caro,
1027 575 1109 615 sed
1126 574 1309 615 fervore
1327 575 1456 627 spiri·
1509 583 1511 587 ’

139 651 211 687 tus
228 645 497 687 frenabitur.
555 645 798 699 Instigabit
823 648 868 685 et
891 644 1185 685 exacerbabit
1200 649 1246 685 te
1271 657 1457 697 serpens
1512 657 1513 663 ¹

142 716 375 770 antiquus,
402 715 484 757 sed
510 716 717 756 oratione
735 714 991 769 fugabitur;
1023 715 1208 768 insuper
1235 720 1279 755 et
1298 714 1457 754 labore

141 786 243 827 utili
261 785 410 826 aditus
429 785 469 827 ei
487 798 677 840 magnus
697 786 970 827 obstruetur.

564 1223 822 1270 CAPUT
884 1222 1045 1267 XIII.

243 1340 313 1382 De
355 1337 600 1382 obedientia
632 1336 807 1378 humilis
839 1334 1005 1378 subditi
1041 1335 1100 1376 ad
1129 1335 1366 1389 exemplam

638 1406 744 1449 Jesa
786 1406 966 1449 Christi.

229 1562 271 1601 ¹1.
301 1540 427 1608 Fili,
455 1558 531 1612 qui
556 1568 606 1597 se
631 1553 900 1598 subtrahere
926 1556 1085 1594 nititur
1110 1554 1165 1594 ab
1188 1551 1465 1601 obedientia,

146 1631 246 1683 ipse
271 1643 321 1671 se
345 1628 573 1671 subtrahit
592 1641 619 1669 a
636 1628 810 1683 gratia,
838 1632 884 1668 et
901 1628 977 1681 qui
995 1626 1174 1680 quaerit
1190 1624 1360 1666 habere
1377 1625 1466 1678 pri—

143 1705 272 1750 vata,
299 1700 466 1740 amittit
484 1699 754 1740 communia.
816 1696 905 1746 Qui
921 1708 1012 1736 non
1029 1695 1225 1736 libenter
1243 1700 1289 1736 et
1304 1699 1466 1748 sponte

145 1782 229 1811 suo
257 1770 486 1823 superiori
511 1781 561 1810 se
586 1768 761 1818 subdit,
795 1767 975 1821 signum
1006 1769 1076 1807 est
1100 1765 1224 1819 quod
1250 1777 1356 1806 caro
1383 1776 1468 1805 sua

144 1839 336 1881 necdum
353 1839 558 1893 perfecte
576 1839 663 1879 sibi
682 1837 860 1888 obedit,
887 1836 969 1878 sed
985 1848 1124 1889 saepe
1140 1835 1405 1876 recalcitrat
1423 1831 1468 1876 et

143 1914 462 1951 remurmurat.
520 1909 660 1950 Disce
689 1920 799 1962 ergo
828 1907 1042 1948 celeriter
1064 1905 1295 1959 superiori
1318 1910 1397 1945 tuo
1420 1910 1466 1945 te

146 1980 437 2030 submittere,
477 1979 518 2019 si
558 1990 741 2020 carnem
771 1978 1005 2031 propriam
1038 1980 1170 2029 optas
1202 1975 1464 2028 subjugare.

147 2050 291 2090 Citius
308 2061 503 2103 namque
530 2049 732 2090 exterior
749 2048 942 2089 vincitur
957 2046 1166 2087 inimicus
1178 2075 1189 2095 ‚
1217 2045 1256 2085 si
1273 2045 1467 2085 interior

146 2117 283 2161 homo
309 2132 401 2160 non
426 2119 567 2159 fuerit
593 2119 872 2160 devastatus.
931 2116 1036 2158 Non
1063 2119 1132 2156 est
1154 2114 1396 2155 molestior
1422 2119 1467 2155 et

144 2191 277 2243 pejor
295 2191 472 2229 animae
491 2188 651 2239 hostis,
672 2201 806 2242 quam
822 2191 872 2227 tu
887 2187 987 2239 ipse
1004 2185 1102 2234 tibi,
1121 2196 1209 2224 non
1227 2185 1344 2224 bene
1361 2196 1465 2224 con-

144 2258 338 2298 cordans
357 2260 552 2311 spiritui.
590 2259 783 2311 Oportet
801 2257 984 2298 omnino
996 2268 1152 2296 verum
1170 2259 1214 2295 te
1234 2266 1465 2294 assumere
