<?xml version="1.0" encoding="UTF-8"?>
<!DOCTYPE html PUBLIC "-//W3C//DTD XHTML 1.0 Transitional//EN"
    "http://www.w3.org/TR/xhtml1/DTD/xhtml1-transitional.dtd">
<html xmlns="http://www.w3.org/1999/xhtml" xml:lang="en" lang="en">
 <head>
  <title>
</title>
<meta http-equiv="Content-Type" content="text/html;charset=utf-8" />
  <meta name='ocr-system' content='tesseract 3.04.00' />
  <meta name='ocr-capabilities' content='ocr_page ocr_carea ocr_par ocr_line ocrx_word'/>
</head>
<body>
  <div class='ocr_page' id='page_1' title='image "./thomaekempisde00thom_0206.png"; bbox 0 0 1530 2517; ppageno 0'>
   <div class='ocr_carea' id='block_1_1' title="bbox 192 110 1110 152">
    <p class='ocr_par' dir='ltr' id='par_1_1' title="bbox 192 110 1110 152">
     <span class='ocr_line' id='line_1_1' title="bbox 192 110 1110 152; baseline -0.007 0"><span class='ocrx_word' id='word_1_1' title='bbox 192 112 269 152; x_wconf 69' lang='grc'>190</span> <span class='ocrx_word' id='word_1_2' title='bbox 587 112 670 148; x_wconf 82' lang='lat' dir='ltr'>DE</span> <span class='ocrx_word' id='word_1_3' title='bbox 710 110 1110 147; x_wconf 81' lang='lat' dir='ltr'><strong>IMITATIONE</strong></span> 
     </span>
    </p>
   </div>
   <div class='ocr_carea' id='block_1_2' title="bbox 188 207 1519 880">
    <p class='ocr_par' dir='ltr' id='par_1_2' title="bbox 188 207 1519 880">
     <span class='ocr_line' id='line_1_2' title="bbox 271 207 1503 261; baseline -0.002 -12"><span class='ocrx_word' id='word_1_4' title='bbox 271 211 311 249; x_wconf 88' lang='lat'>2.</span> <span class='ocrx_word' id='word_1_5' title='bbox 344 209 486 259; x_wconf 88' lang='lat' dir='ltr'>Pone,</span> <span class='ocrx_word' id='word_1_6' title='bbox 505 212 555 248; x_wconf 90' lang='lat' dir='ltr'>ut</span> <span class='ocrx_word' id='word_1_7' title='bbox 572 207 733 249; x_wconf 88' lang='lat' dir='ltr'>melius</span> <span class='ocrx_word' id='word_1_8' title='bbox 750 207 886 258; x_wconf 84' lang='lat' dir='ltr'>nosti,</span> <span class='ocrx_word' id='word_1_9' title='bbox 908 219 964 248; x_wconf 81' lang='lat' dir='ltr'>ex</span> <span class='ocrx_word' id='word_1_10' title='bbox 981 207 1142 258; x_wconf 83' lang='lat' dir='ltr'>corde3</span> <span class='ocrx_word' id='word_1_11' title='bbox 1162 210 1207 247; x_wconf 85' lang='lat' dir='ltr'>et</span> <span class='ocrx_word' id='word_1_12' title='bbox 1223 207 1262 247; x_wconf 88' lang='lat' dir='ltr'>si</span> <span class='ocrx_word' id='word_1_13' title='bbox 1278 212 1322 248; x_wconf 88' lang='lat' dir='ltr'>te</span> <span class='ocrx_word' id='word_1_14' title='bbox 1341 207 1503 261; x_wconf 84' lang='lat' dir='ltr'>tetigit,</span> 
     </span>
     <span class='ocr_line' id='line_1_3' title="bbox 188 276 1504 332; baseline 0.001 -15"><span class='ocrx_word' id='word_1_15' title='bbox 188 291 277 319; x_wconf 87' lang='lat' dir='ltr'>non</span> <span class='ocrx_word' id='word_1_16' title='bbox 296 284 447 319; x_wconf 85' lang='lat' dir='ltr'>tamen</span> <span class='ocrx_word' id='word_1_17' title='bbox 467 277 654 332; x_wconf 87' lang='lat' dir='ltr'>dejiciat</span> <span class='ocrx_word' id='word_1_18' title='bbox 669 291 754 319; x_wconf 89' lang='lat' dir='ltr'>nec</span> <span class='ocrx_word' id='word_1_19' title='bbox 772 278 848 318; x_wconf 91' lang='lat' dir='ltr'>diu</span> <span class='ocrx_word' id='word_1_20' title='bbox 864 277 1081 330; x_wconf 87' lang='lat' dir='ltr'>implicet.</span> <span class='ocrx_word' id='word_1_21' title='bbox 1127 276 1195 317; x_wconf 86' lang='lat' dir='ltr'>Ad</span> <span class='ocrx_word' id='word_1_22' title='bbox 1211 277 1356 317; x_wconf 88' lang='lat' dir='ltr'>minus</span> <span class='ocrx_word' id='word_1_23' title='bbox 1374 279 1504 318; x_wconf 90' lang='lat' dir='ltr'>susti-</span> 
     </span>
     <span class='ocr_line' id='line_1_4' title="bbox 188 347 1503 402; baseline -0.002 -14"><span class='ocrx_word' id='word_1_24' title='bbox 188 361 244 389; x_wconf 93' lang='lat' dir='ltr'>ne</span> <span class='ocrx_word' id='word_1_25' title='bbox 270 348 519 401; x_wconf 87' lang='lat' dir='ltr'>patienter,</span> <span class='ocrx_word' id='word_1_26' title='bbox 548 350 587 389; x_wconf 90' lang='lat' dir='ltr'>si</span> <span class='ocrx_word' id='word_1_27' title='bbox 611 362 702 389; x_wconf 90' lang='lat' dir='ltr'>non</span> <span class='ocrx_word' id='word_1_28' title='bbox 726 353 858 402; x_wconf 88' lang='lat' dir='ltr'>potes</span> <span class='ocrx_word' id='word_1_29' title='bbox 883 347 1150 401; x_wconf 80' lang='lat' dir='ltr'>gaudenter.</span> <span class='ocrx_word' id='word_1_30' title='bbox 1210 347 1404 387; x_wconf 78' lang='lat' dir='ltr'><strong>Etiamsi</strong></span> <span class='ocrx_word' id='word_1_31' title='bbox 1425 347 1503 387; x_wconf 91' lang='lat' dir='ltr'>mi-</span> 
     </span>
     <span class='ocr_line' id='line_1_5' title="bbox 188 417 1503 471; baseline -0.001 -13"><span class='ocrx_word' id='word_1_32' title='bbox 188 431 272 458; x_wconf 91' lang='lat' dir='ltr'>nus</span> <span class='ocrx_word' id='word_1_33' title='bbox 291 418 489 459; x_wconf 81' lang='lat' dir='ltr'>libenter</span> <span class='ocrx_word' id='word_1_34' title='bbox 514 418 643 459; x_wconf 87' lang='lat' dir='ltr'>audis</span> <span class='ocrx_word' id='word_1_35' title='bbox 670 423 714 459; x_wconf 86' lang='lat' dir='ltr'>et</span> <span class='ocrx_word' id='word_1_36' title='bbox 737 417 1097 471; x_wconf 80' lang='lat' dir='ltr'>indignationem</span> <span class='ocrx_word' id='word_1_37' title='bbox 1122 418 1285 468; x_wconf 89' lang='lat' dir='ltr'>sentis,</span> <span class='ocrx_word' id='word_1_38' title='bbox 1309 417 1503 470; x_wconf 81' lang='lat' dir='ltr'>reprime</span> 
     </span>
     <span class='ocr_line' id='line_1_6' title="bbox 189 487 1519 542; baseline -0.001 -14"><span class='ocrx_word' id='word_1_39' title='bbox 189 493 250 538; x_wconf 87' lang='lat' dir='ltr'>te,</span> <span class='ocrx_word' id='word_1_40' title='bbox 269 501 354 529; x_wconf 91' lang='lat' dir='ltr'>nec</span> <span class='ocrx_word' id='word_1_41' title='bbox 369 489 561 541; x_wconf 86' lang='lat' dir='ltr'>patiaris</span> <span class='ocrx_word' id='word_1_42' title='bbox 581 488 753 542; x_wconf 89' lang='lat' dir='ltr'>aliquid</span> <span class='ocrx_word' id='word_1_43' title='bbox 769 487 1078 528; x_wconf 88' lang='lat' dir='ltr'>inordinatum</span> <span class='ocrx_word' id='word_1_44' title='bbox 1099 499 1154 528; x_wconf 84' lang='lat' dir='ltr'>ex</span> <span class='ocrx_word' id='word_1_45' title='bbox 1172 500 1251 528; x_wconf 90' lang='lat' dir='ltr'>ore</span> <span class='ocrx_word' id='word_1_46' title='bbox 1269 491 1347 527; x_wconf 91' lang='lat' dir='ltr'>tuo</span> <span class='ocrx_word' id='word_1_47' title='bbox 1369 487 1519 542; x_wconf 49' lang='lat' dir='ltr'>exire„</span> 
     </span>
     <span class='ocr_line' id='line_1_7' title="bbox 188 557 1507 612; baseline -0.001 -15"><span class='ocrx_word' id='word_1_48' title='bbox 188 558 310 599; x_wconf 87' lang='lat' dir='ltr'>unde</span> <span class='ocrx_word' id='word_1_49' title='bbox 328 558 507 612; x_wconf 82' lang='lat' dir='ltr'>parvuli</span> <span class='ocrx_word' id='word_1_50' title='bbox 525 558 908 599; x_wconf 79' lang='lat' dir='ltr'>scandalizentur.</span> <span class='ocrx_word' id='word_1_51' title='bbox 957 557 1058 598; x_wconf 89' lang='lat' dir='ltr'>Cito</span> <span class='ocrx_word' id='word_1_52' title='bbox 1080 557 1374 611; x_wconf 87' lang='lat' dir='ltr'>conquiescet</span> <span class='ocrx_word' id='word_1_53' title='bbox 1391 569 1507 598; x_wconf 90' lang='lat' dir='ltr'>com-</span> 
     </span>
     <span class='ocr_line' id='line_1_8' title="bbox 190 627 1506 679; baseline -0.002 -10"><span class='ocrx_word' id='word_1_54' title='bbox 190 629 334 669; x_wconf 86' lang='lat' dir='ltr'>motio</span> <span class='ocrx_word' id='word_1_55' title='bbox 355 629 570 679; x_wconf 81' lang='lat' dir='ltr'>excitata,</span> <span class='ocrx_word' id='word_1_56' title='bbox 591 632 636 669; x_wconf 89' lang='lat' dir='ltr'>et</span> <span class='ocrx_word' id='word_1_57' title='bbox 654 628 788 668; x_wconf 91' lang='lat' dir='ltr'>dolor</span> <span class='ocrx_word' id='word_1_58' title='bbox 804 628 1007 668; x_wconf 87' lang='lat' dir='ltr'>internus</span> <span class='ocrx_word' id='word_1_59' title='bbox 1024 631 1282 668; x_wconf 84' lang='lat' dir='ltr'>revertente</span> <span class='ocrx_word' id='word_1_60' title='bbox 1302 627 1506 668; x_wconf 85' lang='lat' dir='ltr'>dulcora-</span> 
     </span>
     <span class='ocr_line' id='line_1_9' title="bbox 190 696 1510 753; baseline -0.002 -14"><span class='ocrx_word' id='word_1_61' title='bbox 190 698 314 739; x_wconf 87' lang='lat' dir='ltr'>bitur</span> <span class='ocrx_word' id='word_1_62' title='bbox 330 699 495 753; x_wconf 83' lang='lat' dir='ltr'>gratia.</span> <span class='ocrx_word' id='word_1_63' title='bbox 549 696 708 738; x_wconf 90' lang='lat' dir='ltr'>Adhuc</span> <span class='ocrx_word' id='word_1_64' title='bbox 723 698 825 738; x_wconf 87' lang='lat' dir='ltr'>vivo</span> <span class='ocrx_word' id='word_1_65' title='bbox 847 709 950 752; x_wconf 82' lang='lat' dir='ltr'>ego,</span> <span class='ocrx_word' id='word_1_66' title='bbox 970 696 1081 738; x_wconf 84' lang='lat' dir='ltr'>dicit</span> <span class='ocrx_word' id='word_1_67' title='bbox 1095 697 1334 748; x_wconf 87' lang='lat' dir='ltr'>Dominus,</span> <span class='ocrx_word' id='word_1_68' title='bbox 1349 697 1510 750; x_wconf 82' lang='lat' dir='ltr'>juvare</span> 
     </span>
     <span class='ocr_line' id='line_1_10' title="bbox 192 766 1510 823; baseline -0.002 -13"><span class='ocrx_word' id='word_1_69' title='bbox 192 775 237 810; x_wconf 90' lang='lat' dir='ltr'>te</span> <span class='ocrx_word' id='word_1_70' title='bbox 254 773 444 823; x_wconf 88' lang='lat' dir='ltr'>paratus</span> <span class='ocrx_word' id='word_1_71' title='bbox 464 773 509 810; x_wconf 88' lang='lat' dir='ltr'>et</span> <span class='ocrx_word' id='word_1_72' title='bbox 526 767 663 809; x_wconf 90' lang='lat' dir='ltr'>solito</span> <span class='ocrx_word' id='word_1_73' title='bbox 684 767 876 821; x_wconf 89' lang='lat' dir='ltr'>amplius</span> <span class='ocrx_word' id='word_1_74' title='bbox 895 767 1139 819; x_wconf 89' lang='lat' dir='ltr'>consolari,</span> <span class='ocrx_word' id='word_1_75' title='bbox 1150 768 1190 808; x_wconf 93' lang='lat' dir='ltr'>si</span> <span class='ocrx_word' id='word_1_76' title='bbox 1203 767 1398 808; x_wconf 88' lang='lat' dir='ltr'>confisus</span> <span class='ocrx_word' id='word_1_77' title='bbox 1414 766 1510 807; x_wconf 90' lang='lat' dir='ltr'>fue-</span> 
     </span>
     <span class='ocr_line' id='line_1_11' title="bbox 191 836 945 880; baseline -0.003 -1"><span class='ocrx_word' id='word_1_78' title='bbox 191 839 254 880; x_wconf 86' lang='lat' dir='ltr'>ris</span> <span class='ocrx_word' id='word_1_79' title='bbox 272 836 383 878; x_wconf 86' lang='lat' dir='ltr'>mihi</span> <span class='ocrx_word' id='word_1_80' title='bbox 402 842 447 879; x_wconf 92' lang='lat' dir='ltr'>et</span> <span class='ocrx_word' id='word_1_81' title='bbox 464 837 629 879; x_wconf 87' lang='lat' dir='ltr'>devote</span> <span class='ocrx_word' id='word_1_82' title='bbox 645 837 945 879; x_wconf 82' lang='lat' dir='ltr'>invocaveris.</span> 
     </span>
    </p>
   </div>
   <div class='ocr_carea' id='block_1_3' title="bbox 189 921 1510 1539">
    <p class='ocr_par' dir='ltr' id='par_1_3' title="bbox 189 921 1510 1539">
     <span class='ocr_line' id='line_1_12' title="bbox 275 921 1508 977; baseline -0.002 -13"><span class='ocrx_word' id='word_1_83' title='bbox 275 923 314 964; x_wconf 86' lang='lat'>3.</span> <span class='ocrx_word' id='word_1_84' title='bbox 345 923 673 977; x_wconf 87' lang='lat' dir='ltr'>Animaequior</span> <span class='ocrx_word' id='word_1_85' title='bbox 691 927 806 972; x_wconf 89' lang='lat' dir='ltr'>esto,</span> <span class='ocrx_word' id='word_1_86' title='bbox 820 926 865 962; x_wconf 88' lang='lat' dir='ltr'>et</span> <span class='ocrx_word' id='word_1_87' title='bbox 881 921 940 961; x_wconf 88' lang='lat' dir='ltr'>ad</span> <span class='ocrx_word' id='word_1_88' title='bbox 955 922 1179 975; x_wconf 69' lang='lat' dir='ltr'>maiorem</span> <span class='ocrx_word' id='word_1_89' title='bbox 1195 922 1508 962; x_wconf 86' lang='lat' dir='ltr'>sustinentiam</span> 
     </span>
     <span class='ocr_line' id='line_1_13' title="bbox 193 991 1508 1048; baseline -0.002 -14"><span class='ocrx_word' id='word_1_90' title='bbox 193 994 449 1048; x_wconf 82' lang='lat' dir='ltr'>accingere.</span> <span class='ocrx_word' id='word_1_91' title='bbox 509 992 614 1035; x_wconf 93' lang='lat' dir='ltr'>Non</span> <span class='ocrx_word' id='word_1_92' title='bbox 640 996 710 1032; x_wconf 92' lang='lat' dir='ltr'>est</span> <span class='ocrx_word' id='word_1_93' title='bbox 724 996 872 1032; x_wconf 85' lang='lat' dir='ltr'>totum</span> <span class='ocrx_word' id='word_1_94' title='bbox 890 991 1177 1042; x_wconf 83' lang='lat' dir='ltr'>frustratum,</span> <span class='ocrx_word' id='word_1_95' title='bbox 1207 992 1247 1031; x_wconf 90' lang='lat' dir='ltr'>si</span> <span class='ocrx_word' id='word_1_96' title='bbox 1262 996 1309 1032; x_wconf 91' lang='lat' dir='ltr'>te</span> <span class='ocrx_word' id='word_1_97' title='bbox 1327 992 1508 1045; x_wconf 83' lang='lat' dir='ltr'>saepius</span> 
     </span>
     <span class='ocr_line' id='line_1_14' title="bbox 191 1061 1507 1118; baseline -0.002 -13"><span class='ocrx_word' id='word_1_98' title='bbox 191 1064 387 1118; x_wconf 84' lang='lat' dir='ltr'>percipis</span> <span class='ocrx_word' id='word_1_99' title='bbox 419 1062 687 1104; x_wconf 79' lang='lat' dir='ltr'>tribulatum</span> <span class='ocrx_word' id='word_1_100' title='bbox 716 1062 791 1103; x_wconf 88' lang='lat' dir='ltr'>vel</span> <span class='ocrx_word' id='word_1_101' title='bbox 825 1063 1028 1115; x_wconf 84' lang='lat' dir='ltr'>graviter</span> <span class='ocrx_word' id='word_1_102' title='bbox 1056 1066 1295 1103; x_wconf 86' lang='lat' dir='ltr'>tentatum.</span> <span class='ocrx_word' id='word_1_103' title='bbox 1355 1061 1507 1102; x_wconf 90' lang='lat' dir='ltr'>Homo</span> 
     </span>
     <span class='ocr_line' id='line_1_15' title="bbox 193 1130 1508 1186; baseline -0.003 -11"><span class='ocrx_word' id='word_1_104' title='bbox 193 1149 240 1175; x_wconf 89' lang='lat' dir='ltr'>es</span> <span class='ocrx_word' id='word_1_105' title='bbox 262 1139 307 1175; x_wconf 88' lang='lat' dir='ltr'>et</span> <span class='ocrx_word' id='word_1_106' title='bbox 321 1146 413 1174; x_wconf 93' lang='lat' dir='ltr'>non</span> <span class='ocrx_word' id='word_1_107' title='bbox 429 1134 580 1183; x_wconf 90' lang='lat' dir='ltr'>Deus;</span> <span class='ocrx_word' id='word_1_108' title='bbox 615 1144 720 1173; x_wconf 85' lang='lat' dir='ltr'>caro</span> <span class='ocrx_word' id='word_1_109' title='bbox 742 1144 805 1182; x_wconf 91' lang='lat' dir='ltr'>es,</span> <span class='ocrx_word' id='word_1_110' title='bbox 823 1144 916 1172; x_wconf 93' lang='lat' dir='ltr'>non</span> <span class='ocrx_word' id='word_1_111' title='bbox 933 1131 1139 1186; x_wconf 83' lang='lat' dir='ltr'>angelus.</span> <span class='ocrx_word' id='word_1_112' title='bbox 1201 1130 1442 1181; x_wconf 79' lang='lat' dir='ltr'>Quomodo</span> <span class='ocrx_word' id='word_1_113' title='bbox 1460 1135 1508 1184; x_wconf 73' lang='lat' dir='ltr'>tu</span> 
     </span>
     <span class='ocr_line' id='line_1_16' title="bbox 189 1202 1508 1258; baseline -0.003 -13"><span class='ocrx_word' id='word_1_114' title='bbox 189 1216 353 1258; x_wconf 90' lang='lat' dir='ltr'>posses</span> <span class='ocrx_word' id='word_1_115' title='bbox 387 1215 568 1256; x_wconf 88' lang='lat' dir='ltr'>semper</span> <span class='ocrx_word' id='word_1_116' title='bbox 596 1203 644 1242; x_wconf 90' lang='lat' dir='ltr'>in</span> <span class='ocrx_word' id='word_1_117' title='bbox 677 1202 840 1243; x_wconf 89' lang='lat' dir='ltr'>eodem</span> <span class='ocrx_word' id='word_1_118' title='bbox 871 1206 993 1242; x_wconf 88' lang='lat' dir='ltr'>statu</span> <span class='ocrx_word' id='word_1_119' title='bbox 1018 1202 1197 1242; x_wconf 87' lang='lat' dir='ltr'>virtutis</span> <span class='ocrx_word' id='word_1_120' title='bbox 1226 1213 1508 1255; x_wconf 83' lang='lat' dir='ltr'>permanere,</span> 
     </span>
     <span class='ocr_line' id='line_1_17' title="bbox 193 1269 1508 1329; baseline -0.002 -15"><span class='ocrx_word' id='word_1_121' title='bbox 193 1273 374 1329; x_wconf 87' lang='lat' dir='ltr'>quando</span> <span class='ocrx_word' id='word_1_122' title='bbox 402 1271 491 1314; x_wconf 88' lang='lat' dir='ltr'>hoc</span> <span class='ocrx_word' id='word_1_123' title='bbox 513 1271 660 1313; x_wconf 89' lang='lat' dir='ltr'>defuit</span> <span class='ocrx_word' id='word_1_124' title='bbox 684 1272 849 1326; x_wconf 83' lang='lat' dir='ltr'>angelo</span> <span class='ocrx_word' id='word_1_125' title='bbox 875 1272 922 1312; x_wconf 90' lang='lat' dir='ltr'>in</span> <span class='ocrx_word' id='word_1_126' title='bbox 948 1271 1078 1314; x_wconf 85' lang='lat' dir='ltr'>coelo</span> <span class='ocrx_word' id='word_1_127' title='bbox 1107 1276 1152 1313; x_wconf 87' lang='lat' dir='ltr'>et</span> <span class='ocrx_word' id='word_1_128' title='bbox 1174 1272 1319 1325; x_wconf 89' lang='lat' dir='ltr'>primo</span> <span class='ocrx_word' id='word_1_129' title='bbox 1339 1269 1508 1312; x_wconf 90' lang='lat' dir='ltr'>homini</span> 
     </span>
     <span class='ocr_line' id='line_1_18' title="bbox 190 1341 1510 1398; baseline -0.002 -13"><span class='ocrx_word' id='word_1_130' title='bbox 190 1346 237 1385; x_wconf 82' lang='lat' dir='ltr'>in</span> <span class='ocrx_word' id='word_1_131' title='bbox 263 1341 508 1398; x_wconf 61' lang='lat' dir='ltr'>paradiso‘}</span> <span class='ocrx_word' id='word_1_132' title='bbox 564 1343 665 1397; x_wconf 83' lang='lat' dir='ltr'>Ego</span> <span class='ocrx_word' id='word_1_133' title='bbox 685 1355 805 1393; x_wconf 90' lang='lat' dir='ltr'>sum,</span> <span class='ocrx_word' id='word_1_134' title='bbox 834 1343 910 1396; x_wconf 90' lang='lat' dir='ltr'>qui</span> <span class='ocrx_word' id='word_1_135' title='bbox 933 1346 1193 1383; x_wconf 88' lang='lat' dir='ltr'>moerentes</span> <span class='ocrx_word' id='word_1_136' title='bbox 1220 1342 1348 1395; x_wconf 88' lang='lat' dir='ltr'>erigo</span> <span class='ocrx_word' id='word_1_137' title='bbox 1367 1341 1510 1395; x_wconf 85' lang='lat' dir='ltr'>sospi-</span> 
     </span>
     <span class='ocr_line' id='line_1_19' title="bbox 193 1410 1508 1466; baseline -0.004 -11"><span class='ocrx_word' id='word_1_138' title='bbox 193 1420 311 1465; x_wconf 85' lang='lat' dir='ltr'>tate,</span> <span class='ocrx_word' id='word_1_139' title='bbox 346 1418 392 1455; x_wconf 89' lang='lat' dir='ltr'>et</span> <span class='ocrx_word' id='word_1_140' title='bbox 415 1426 545 1454; x_wconf 85' lang='lat' dir='ltr'>suam</span> <span class='ocrx_word' id='word_1_141' title='bbox 571 1417 901 1466; x_wconf 84' lang='lat' dir='ltr'>cognoscentes</span> <span class='ocrx_word' id='word_1_142' title='bbox 932 1412 1242 1453; x_wconf 84' lang='lat' dir='ltr'>infirmitatem</span> <span class='ocrx_word' id='word_1_143' title='bbox 1275 1410 1334 1451; x_wconf 85' lang='lat' dir='ltr'>ad</span> <span class='ocrx_word' id='word_1_144' title='bbox 1363 1422 1508 1451; x_wconf 89' lang='lat' dir='ltr'>meam</span> 
     </span>
     <span class='ocr_line' id='line_1_20' title="bbox 191 1483 715 1539; baseline -0.01 -12"><span class='ocrx_word' id='word_1_145' title='bbox 191 1483 396 1539; x_wconf 85' lang='lat' dir='ltr'>proveho</span> <span class='ocrx_word' id='word_1_146' title='bbox 417 1484 715 1524; x_wconf 84' lang='lat' dir='ltr'>divinitatem.</span> 
     </span>
    </p>
   </div>
   <div class='ocr_carea' id='block_1_4' title="bbox 191 1565 1510 1976">
    <p class='ocr_par' dir='ltr' id='par_1_4' title="bbox 191 1565 1510 1976">
     <span class='ocr_line' id='line_1_21' title="bbox 278 1565 1510 1619; baseline -0.004 -9"><span class='ocrx_word' id='word_1_147' title='bbox 278 1570 318 1610; x_wconf 81' lang='grc'>4.</span> <span class='ocrx_word' id='word_1_148' title='bbox 352 1569 567 1619; x_wconf 86' lang='lat' dir='ltr'>Domine,</span> <span class='ocrx_word' id='word_1_149' title='bbox 585 1567 876 1609; x_wconf 86' lang='lat' dir='ltr'>benedictum</span> <span class='ocrx_word' id='word_1_150' title='bbox 893 1566 953 1606; x_wconf 90' lang='lat' dir='ltr'>sit</span> <span class='ocrx_word' id='word_1_151' title='bbox 968 1567 1154 1607; x_wconf 89' lang='lat' dir='ltr'>verbum</span> <span class='ocrx_word' id='word_1_152' title='bbox 1172 1570 1320 1616; x_wconf 90' lang='lat' dir='ltr'>tuum,</span> <span class='ocrx_word' id='word_1_153' title='bbox 1353 1565 1510 1606; x_wconf 81' lang='lat' dir='ltr'>dulce</span> 
     </span>
     <span class='ocr_line' id='line_1_22' title="bbox 194 1634 1509 1694; baseline -0.005 -13"><span class='ocrx_word' id='word_1_154' title='bbox 194 1653 290 1694; x_wconf 89' lang='lat' dir='ltr'>sup</span> <span class='ocrx_word' id='word_1_155' title='bbox 306 1653 363 1681; x_wconf 89' lang='lat' dir='ltr'>er</span> <span class='ocrx_word' id='word_1_156' title='bbox 393 1639 500 1680; x_wconf 88' lang='lat' dir='ltr'>mel</span> <span class='ocrx_word' id='word_1_157' title='bbox 533 1644 584 1680; x_wconf 89' lang='lat' dir='ltr'>et</span> <span class='ocrx_word' id='word_1_158' title='bbox 614 1638 797 1679; x_wconf 84' lang='lat' dir='ltr'>favum</span> <span class='ocrx_word' id='word_1_159' title='bbox 829 1638 898 1677; x_wconf 89' lang='lat' dir='ltr'>ori</span> <span class='ocrx_word' id='word_1_160' title='bbox 929 1650 1049 1678; x_wconf 86' lang='lat' dir='ltr'>meo.</span> <span class='ocrx_word' id='word_1_161' title='bbox 1112 1636 1230 1686; x_wconf 75' lang='lat' dir='ltr'>Quid</span> <span class='ocrx_word' id='word_1_162' title='bbox 1248 1634 1450 1676; x_wconf 87' lang='lat' dir='ltr'>facerem</span> <span class='ocrx_word' id='word_1_163' title='bbox 1466 1636 1509 1675; x_wconf 88' lang='lat' dir='ltr'>in</span> 
     </span>
     <span class='ocr_line' id='line_1_23' title="bbox 192 1706 1509 1761; baseline -0.005 -11"><span class='ocrx_word' id='word_1_164' title='bbox 192 1711 330 1750; x_wconf 83' lang='lat' dir='ltr'>tantis</span> <span class='ocrx_word' id='word_1_165' title='bbox 348 1709 720 1750; x_wconf 84' lang='lat' dir='ltr'>tribulationibus</span> <span class='ocrx_word' id='word_1_166' title='bbox 749 1711 794 1748; x_wconf 85' lang='lat' dir='ltr'>et</span> <span class='ocrx_word' id='word_1_167' title='bbox 810 1708 1033 1761; x_wconf 85' lang='lat' dir='ltr'>angustiis</span> <span class='ocrx_word' id='word_1_168' title='bbox 1050 1708 1163 1748; x_wconf 90' lang='lat' dir='ltr'>meis</span> <span class='ocrx_word' id='word_1_169' title='bbox 1176 1736 1187 1756; x_wconf 93' lang='lat'>,</span> <span class='ocrx_word' id='word_1_170' title='bbox 1213 1706 1300 1746; x_wconf 90' lang='lat' dir='ltr'>nisi</span> <span class='ocrx_word' id='word_1_171' title='bbox 1317 1718 1389 1747; x_wconf 91' lang='lat' dir='ltr'>me</span> <span class='ocrx_word' id='word_1_172' title='bbox 1408 1718 1509 1746; x_wconf 83' lang='lat' dir='ltr'>con-</span> 
     </span>
     <span class='ocr_line' id='line_1_24' title="bbox 191 1775 1508 1822; baseline -0.005 -1"><span class='ocrx_word' id='word_1_173' title='bbox 191 1780 392 1822; x_wconf 87' lang='lat' dir='ltr'>fortares</span> <span class='ocrx_word' id='word_1_174' title='bbox 410 1780 500 1820; x_wconf 90' lang='lat' dir='ltr'>tuis</span> <span class='ocrx_word' id='word_1_175' title='bbox 520 1779 689 1820; x_wconf 82' lang='lat' dir='ltr'>sanctis</span> <span class='ocrx_word' id='word_1_176' title='bbox 708 1775 1021 1818; x_wconf 57' lang='lat' dir='ltr'>sermonibus?</span> <span class='ocrx_word' id='word_1_177' title='bbox 1050 1776 1309 1818; x_wconf 90' lang='lat' dir='ltr'>Dummodo</span> <span class='ocrx_word' id='word_1_178' title='bbox 1327 1775 1508 1816; x_wconf 87' lang='lat' dir='ltr'>tandem</span> 
     </span>
     <span class='ocr_line' id='line_1_25' title="bbox 192 1847 1509 1905; baseline -0.005 -13"><span class='ocrx_word' id='word_1_179' title='bbox 192 1851 248 1892; x_wconf 86' lang='lat' dir='ltr'>ad</span> <span class='ocrx_word' id='word_1_180' title='bbox 270 1855 448 1905; x_wconf 88' lang='lat' dir='ltr'>portam</span> <span class='ocrx_word' id='word_1_181' title='bbox 467 1849 628 1890; x_wconf 87' lang='lat' dir='ltr'>salutis</span> <span class='ocrx_word' id='word_1_182' title='bbox 647 1848 923 1902; x_wconf 85' lang='lat' dir='ltr'>perveniam,</span> <span class='ocrx_word' id='word_1_183' title='bbox 949 1847 1056 1900; x_wconf 84' lang='lat' dir='ltr'>quid</span> <span class='ocrx_word' id='word_1_184' title='bbox 1073 1859 1210 1887; x_wconf 89' lang='lat' dir='ltr'>curae</span> <span class='ocrx_word' id='word_1_185' title='bbox 1228 1851 1311 1896; x_wconf 88' lang='lat' dir='ltr'>est,</span> <span class='ocrx_word' id='word_1_186' title='bbox 1332 1858 1447 1900; x_wconf 86' lang='lat' dir='ltr'>quae</span> <span class='ocrx_word' id='word_1_187' title='bbox 1467 1852 1509 1886; x_wconf 82' lang='lat' dir='ltr'>et</span> 
     </span>
     <span class='ocr_line' id='line_1_26' title="bbox 193 1915 1507 1976; baseline -0.005 -14"><span class='ocrx_word' id='word_1_188' title='bbox 193 1926 363 1976; x_wconf 88' lang='lat' dir='ltr'>quanta</span> <span class='ocrx_word' id='word_1_189' title='bbox 379 1933 541 1974; x_wconf 84' lang='lat' dir='ltr'>passus</span> <span class='ocrx_word' id='word_1_190' title='bbox 560 1916 719 1959; x_wconf 72' lang='lat' dir='ltr'>fuero‘.l</span> <span class='ocrx_word' id='word_1_191' title='bbox 777 1919 850 1958; x_wconf 86' lang='lat' dir='ltr'>Da</span> <span class='ocrx_word' id='word_1_192' title='bbox 878 1917 1010 1957; x_wconf 85' lang='lat' dir='ltr'>finem</span> <span class='ocrx_word' id='word_1_193' title='bbox 1033 1917 1223 1967; x_wconf 91' lang='lat' dir='ltr'>bonum,</span> <span class='ocrx_word' id='word_1_194' title='bbox 1251 1915 1309 1956; x_wconf 86' lang='lat' dir='ltr'>da</span> <span class='ocrx_word' id='word_1_195' title='bbox 1328 1915 1507 1956; x_wconf 86' lang='lat' dir='ltr'>felicem</span> 
     </span>
    </p>
   </div>
   <div class='ocr_carea' id='block_1_5' title="bbox 190 2122 1505 2291">
    <p class='ocr_par' dir='ltr' id='par_1_5' title="bbox 190 2122 1505 2291">
     <span class='ocr_line' id='line_1_27' title="bbox 282 2122 1505 2164; baseline -0.002 -5"><span class='ocrx_word' id='word_1_196' title='bbox 282 2129 315 2159; x_wconf 80' lang='lat'>2.</span> <span class='ocrx_word' id='word_1_197' title='bbox 344 2124 582 2159; x_wconf 81' lang='lat' dir='ltr'>Ed.Valart.</span> <span class='ocrx_word' id='word_1_198' title='bbox 612 2124 770 2164; x_wconf 81' lang='lat' dir='ltr'>Pelle,</span> <span class='ocrx_word' id='word_1_199' title='bbox 810 2128 859 2159; x_wconf 89' lang='lat' dir='ltr'>ut</span> <span class='ocrx_word' id='word_1_200' title='bbox 896 2123 1063 2158; x_wconf 87' lang='lat' dir='ltr'>melius</span> <span class='ocrx_word' id='word_1_201' title='bbox 1095 2124 1240 2163; x_wconf 84' lang='lat' dir='ltr'>nosti,</span> <span class='ocrx_word' id='word_1_202' title='bbox 1283 2134 1337 2156; x_wconf 80' lang='lat' dir='ltr'>ex</span> <span class='ocrx_word' id='word_1_203' title='bbox 1372 2122 1505 2156; x_wconf 81' lang='lat' dir='ltr'>corde</span> 
     </span>
     <span class='ocr_line' id='line_1_28' title="bbox 190 2183 1503 2224; baseline -0.005 -4"><span class='ocrx_word' id='word_1_204' title='bbox 190 2198 362 2220; x_wconf 82' lang='lat' dir='ltr'>omnem</span> <span class='ocrx_word' id='word_1_205' title='bbox 403 2186 453 2220; x_wconf 87' lang='lat' dir='ltr'>ob</span> <span class='ocrx_word' id='word_1_206' title='bbox 491 2188 587 2220; x_wconf 80' lang='lat' dir='ltr'>ista</span> <span class='ocrx_word' id='word_1_207' title='bbox 628 2186 908 2224; x_wconf 68' lang='lat' dir='ltr'>tristitiam,</span> <span class='ocrx_word' id='word_1_208' title='bbox 952 2189 997 2219; x_wconf 87' lang='lat' dir='ltr'>et</span> <span class='ocrx_word' id='word_1_209' title='bbox 1043 2185 1080 2219; x_wconf 88' lang='lat' dir='ltr'>si</span> <span class='ocrx_word' id='word_1_210' title='bbox 1130 2194 1181 2218; x_wconf 82' lang='lat' dir='ltr'>ea</span> <span class='ocrx_word' id='word_1_211' title='bbox 1226 2187 1270 2218; x_wconf 86' lang='lat' dir='ltr'>te</span> <span class='ocrx_word' id='word_1_212' title='bbox 1317 2183 1503 2224; x_wconf 78' lang='lat' dir='ltr'>tetigit,</span> 
     </span>
     <span class='ocr_line' id='line_1_29' title="bbox 190 2245 955 2291; baseline -0.004 -10"><span class='ocrx_word' id='word_1_213' title='bbox 190 2260 276 2281; x_wconf 85' lang='lat' dir='ltr'>non</span> <span class='ocrx_word' id='word_1_214' title='bbox 310 2253 381 2281; x_wconf 83' lang='lat' dir='ltr'>etc.</span> <span class='ocrx_word' id='word_1_215' title='bbox 409 2266 455 2272; x_wconf 88' lang='lat'>--</span> <span class='ocrx_word' id='word_1_216' title='bbox 502 2251 535 2281; x_wconf 87' lang='lat'>4.</span> <span class='ocrx_word' id='word_1_217' title='bbox 564 2245 702 2281; x_wconf 80' lang='lat' dir='ltr'>l&#39;salm.</span> <span class='ocrx_word' id='word_1_218' title='bbox 726 2250 766 2280; x_wconf 84' lang='lat'>18</span> <span class='ocrx_word' id='word_1_219' title='bbox 787 2247 879 2291; x_wconf 84' lang='lat'>(19),</span> <span class='ocrx_word' id='word_1_220' title='bbox 901 2250 955 2280; x_wconf 87' lang='lat'>11.</span> 
     </span>
    </p>
   </div>
  </div>
 </body>
</html>
