1530 2517
292 132 554 170 CHRISTI
611 133 721 169 Lm.
752 133 783 170 I.
818 134 1121 170 c.41³.17.18.
1323 133 1376 172 27

44 229 134 281 siti,
153 230 199 270 in
216 228 392 284 frigore
412 233 458 270 et
473 228 695 280 nuditate,
713 230 760 270 in
777 230 937 272 labore
958 235 1004 272 et
1019 229 1310 283 fatigatione,
1330 230 1376 270 in

41 300 212 354 vigiliis
239 305 285 341 et
303 300 508 354 jejuniis,
541 300 588 340 in
615 300 902 342 orationibus
931 305 976 341 et
999 301 1375 341 meditationibus

42 371 228 422 sanctis,
246 371 293 411 in
310 370 708 424 persecutionibus
727 374 773 412 et
791 371 1050 425 opprobriis
1067 371 1235 412 multis.

127 442 167 480 2.
202 441 239 482 Ο
267 453 402 495 quam
434 440 602 481 multas
630 444 677 482 et
700 453 866 496 graves
899 441 1223 482 tribulationes
1249 441 1375 494 passi

42 516 148 551 sunt
162 511 395 564 Apostoli,
421 511 680 565 Martyres,
708 510 1037 562 Confessores,
1062 511 1300 565 VirgineS,
1329 517 1376 552 et

40 581 209 636 reliqui
227 594 408 631 omncs,
437 582 514 636 qui
541 580 712 624 Christi
735 582 934 636 vestigia
956 582 1203 623 voluerunt
1219 580 1372 636 sequi!

40 651 158 693 Nam
177 652 350 693 animas
369 665 476 693 suas
493 653 541 693 in
557 651 646 694 hoc
662 652 830 693 mundo
852 652 1068 703 oderunt,
1096 653 1208 693 utin
1227 659 1374 693 aeter-

40 735 146 762 nam
163 723 303 762 vitam
322 735 400 764 eas
417 722 722 776 possiderent.
787 724 823 764 Ο
844 735 978 777 quam
1004 724 1207 765 strictam
1236 728 1281 763 et
1299 724 1375 764 ab·

44 787 243 833 dicatam
258 794 399 833 vitam
409 794 557 834 sancti
573 799 729 847 patres
746 794 792 834 in
805 806 959 834 eremo
978 792 1226 834 duxerunt!
1240 807 1373 848 quam

42 863 206 918 longas
227 868 273 905 et
295 876 460 918 graves
484 865 765 905 tentationes
790 863 1097 917 pertulerunt:
1127 877 1262 918 quam
1286 863 1377 905 fre-

45 939 236 987 quenter
254 934 309 974 ab
326 934 511 975 inimico
530 934 686 976 vexati
702 933 827 976 sunt!
856 947 991 989 quam
1018 935 1202 976 crebras
1223 940 1268 975 et
1284 934 1376 976 fer-

41 1003 171 1044 vidas
198 1004 434 1046 orationes
465 1005 568 1046 Deo
604 1003 888 1046 obtulerunt!
923 1017 1059 1059 quam
1087 1005 1265 1059 rigidas
1299 1006 1375 1046 ab·

43 1074 283 1115 stinentias
300 1073 598 1129 peregerunt!
614 1088 750 1130 quam
758 1088 975 1130 magnum
992 1075 1143 1117 zelum
1161 1081 1207 1117 et
1224 1076 1374 1117 fervo-

40 1157 139 1185 rem
157 1144 216 1185 ad
232 1145 518 1199 spiritualem
528 1145 787 1199 profectum
805 1143 1084 1187 habuerunt!
1098 1159 1233 1201 quam
1252 1146 1375 1187 forte

44 1214 217 1256 bellum
244 1215 464 1258 adversus
491 1216 833 1258 edomationem
863 1216 1080 1257 vitiorum
1113 1222 1376 1271 gesserunt.

46 1298 181 1340 quam
198 1299 360 1339 puram
386 1292 432 1328 et
444 1291 621 1328 rectam
636 1287 937 1328 intentionem
965 1287 1024 1328 ad
1047 1288 1198 1328 Deum
1221 1292 1379 1328 tenue-

48 1355 175 1396 runt!
202 1356 293 1398 Per
318 1356 440 1398 diem
456 1357 733 1398 laborabant
751 1362 796 1398 et
810 1358 1023 1398 noctibus
1051 1358 1252 1398 orationi
1269 1357 1380 1398 divi-

51 1439 139 1468 nae
180 1427 427 1478 vacabant,
479 1440 739 1481 quanquam
778 1427 1036 1469 laborando
1079 1428 1135 1469 ab
1170 1428 1380 1470 oratione

50 1497 241 1538 mentali
255 1498 440 1538 minime
460 1504 709 1539 cessarent.

135 1567 175 1609 3.
210 1567 354 1608 Omne
370 1571 549 1622 tempus
566 1568 742 1610 utiliter
760 1569 1090 1623 expendebant,
1105 1570 1250 1610 omnis
1269 1568 1384 1626 hora

54 1637 112 1677 ad
136 1637 390 1679 vacandum
414 1639 516 1679 Deo
541 1638 694 1679 brevis
718 1639 984 1689 videbatur3
1019 1644 1065 1680 et
1088 1652 1200 1693 prae
1216 1652 1386 1694 magna

54 1707 294 1749 dulcedine
321 1709 721 1762 contemplationis
749 1710 888 1750 etiam
915 1710 1138 1750 oblivioni
1168 1710 1383 1751 tradeba-

52 1783 128 1818 tur
152 1779 403 1820 necessitas
438 1779 693 1832 corporalis
724 1779 1011 1821 refectionis.
1074 1781 1292 1821 Omnibus
1319 1781 1383 1821 di-

52 1849 199 1900 vitiis,
234 1848 554 1903 dignitatibus,
588 1848 864 1901 honoribus,
900 1851 1057 1892 amicis
1097 1856 1142 1891 et
1175 1853 1383 1905 cognatis

52 1919 399 1970 renuntiabant3
431 1920 498 1960 nil
529 1920 585 1961 de
617 1920 786 1961 mundo
811 1920 983 1962 habere
1009 1922 1275 1975 cupiebant,
1308 1922 1384 1961 vix

54 1990 320 2031 necessaria
340 1991 463 2031 vitae
489 1991 750 2042 sumebant3
778 1992 963 2045 corpori
988 1992 1163 2032 servire
1183 1992 1320 2032 etiam
1337 1993 1381 2031 in

53 2061 330 2102 necessitate
356 2060 590 2102 dolebant.
650 2061 886 2115 Pauperes
910 2062 1053 2116 igitur
1084 2067 1216 2103 erant
1243 2063 1382 2103 rebus

54 2131 251 2172 terrenis
269 2161 280 2181 ,
314 2131 397 2172 sed
429 2131 593 2172 divites
624 2131 759 2173 valde
790 2132 838 2172 in
869 2132 1020 2186 gratia
1048 2137 1094 2172 et
1126 2132 1381 2172 virtutibus.

54 2201 190 2242 Foris
210 2202 421 2255 egebant,
433 2201 516 2243 sed
531 2202 652 2243 intus
665 2203 816 2256 gratia
834 2207 880 2243 et
897 2202 1214 2243 consolatione
1233 2202 1384 2242 divina

57 2272 395 2313 reficiebantur.
