1530 2517
144 96 198 136 72
561 96 644 133 DE
678 96 1062 134 IMITATIONE

586 343 849 391 CAPUT
909 345 1014 390 XI.

335 455 407 498 De
430 458 662 512 paucitate
690 465 939 499 amatorum
974 458 1115 499 crucis
1148 457 1265 499 Jesu.

220 605 261 645 1.
290 586 461 660 Habet
483 605 619 647 Jesus
641 618 759 646 nunc
782 605 951 647 multos
979 610 1209 646 amatores
1233 605 1366 659 regni.
1390 606 1460 645 sui

137 676 376 728 coelestis,
400 675 484 717 sed
501 688 674 730 paucos
690 675 975 730 bajulatores
994 687 1104 716 suae
1124 675 1283 716 crucis.
1343 674 1459 716 Mul-

134 752 209 788 tos
242 745 382 789 habet
414 745 758 788 desideratores
793 746 1148 796 consolationis,
1181 744 1264 786 sed
1287 756 1459 799 paucos

134 817 471 867 tribulationis;
499 815 655 870 plures
672 816 846 857 invenit
861 816 1014 857 socios
1032 828 1234 866 mensae,
1253 815 1336 856 sed
1351 827 1460 869 pau-

136 899 215 928 cos
242 886 563 928 abstinendae.
625 887 792 929 Omnes
820 887 1007 941 cupiunt
1032 899 1133 928 cum
1159 898 1213 927 eo
1240 885 1459 941 gaudere,
1489 894 1492 896 ’

134 958 272 1011 pauci
287 957 448 999 volunt
462 969 545 1012 pro
575 970 630 999 eo
658 957 833 1013 aliquid
854 958 1095 999 sustinere.
1154 956 1292 998 Multi
1306 956 1332 998 J
1337 969 1463 999 esum

135 1031 387 1082 sequuntur
402 1040 547 1083 usque
576 1027 636 1069 ad
651 1027 926 1070 fractionem
941 1028 1097 1082 panis,
1124 1026 1205 1068 sed
1228 1027 1364 1081 pauci
1389 1039 1462 1067 us-

137 1110 223 1152 que
242 1097 300 1139 ad
316 1097 564 1139 bibendum
583 1098 774 1141 calicem
788 1099 1034 1153 passionis.
1086 1097 1223 1139 Multi
1238 1096 1462 1138 miracula

135 1168 233 1222 ejus
250 1172 540 1220 venerantur,
562 1170 698 1223 pauci
713 1169 1014 1224 ignominiam
1032 1168 1178 1210 crucis
1196 1171 1460 1222 sequuntur.

133 1238 272 1280 Multi
286 1239 443 1281 Jesum
468 1238 689 1294 diligunt,
716 1239 933 1294 quamdiu
957 1238 1152 1280 adversa
1174 1250 1266 1278 non
1292 1237 1464 1278 contin-

135 1312 261 1363 gunt.
321 1308 459 1350 Multi
483 1308 614 1350 illum
639 1308 830 1351 laudant
854 1313 901 1351 et
922 1308 1221 1358 benedicunt,
1249 1306 1466 1362 quamdiu

136 1378 480 1421 consolationes
508 1379 685 1435 aliquas
711 1379 768 1421 ab
791 1380 893 1434 ipso
910 1379 1183 1435 percipiunt.
1243 1377 1295 1420 Si
1310 1382 1464 1418 autem

134 1448 268 1490 Jesus
285 1462 336 1491 se
355 1450 652 1492 absconderit
677 1454 723 1491 et
744 1449 976 1492 modicum
994 1462 1074 1491 eos
1091 1448 1355 1503 reliquerit,
1384 1452 1463 1488 aut

132 1518 180 1559 in
199 1519 533 1573 querimoniam
549 1520 625 1562 vel
639 1521 686 1561 in
704 1520 1013 1575 dejectionem
1029 1519 1216 1560 nimiam
1235 1517 1415 1559 cadunt.

215 1590 256 1629 2.
291 1589 379 1640 Qui
398 1594 551 1632 autem
560 1590 587 1633 J
590 1603 717 1632 esum
732 1590 955 1645 propterJ
959 1602 1086 1632 esum
1104 1593 1150 1630 et
1164 1602 1256 1630 non
1272 1595 1461 1643 propter

133 1671 264 1699 suam
304 1661 540 1714 propriam
588 1660 790 1715 aliquam
836 1660 1201 1702 consolationem
1248 1659 1457 1714 diligunt,

131 1728 281 1783 ipsum
300 1730 347 1770 in
367 1730 490 1771 omni
506 1731 803 1772 tribulatione
829 1735 876 1772 et
900 1731 1113 1786 angustia
1139 1728 1313 1781 cordis,
1340 1730 1458 1770 sicut

130 1798 179 1839 in
195 1812 370 1840 summa
388 1800 722 1852 consolatione,
739 1800 1029 1842 benedicunt.
1096 1800 1157 1841 Et
1173 1800 1214 1841 si
1228 1813 1456 1854 nunquam

135 1869 201 1910 eis
226 1869 591 1912 consolationem
614 1870 725 1912 dare
749 1870 912 1922 vellet,
936 1871 1086 1925 ipsum
1100 1875 1254 1913 tamen
1274 1883 1455 1924 semper

130 1938 374 1981 laudarent
392 1944 438 1982 et
453 1952 634 1995 semper
650 1941 826 1995 gratias
845 1954 985 1997 agere
1001 1942 1185 1984 vellent.

214 2009 254 2051 3.
289 2010 327 2052 Ο
346 2014 563 2066 quantum
578 2015 734 2065 potest
750 2024 881 2054 amor
894 2013 921 2054 J
925 2025 1005 2054 esu
1020 2025 1160 2067 purus
1170 2042 1183 2063 ‚
1208 2011 1332 2052 nullo
1350 2024 1455 2065 pro-

130 2080 231 2133 prio
251 2080 491 2122 commodo
517 2082 592 2123 vel
609 2094 765 2125 amore
782 2082 1057 2138 permixtus!
1115 2082 1279 2125 Nonne
1298 2094 1455 2123 omnes

130 2152 404 2192 mercenarii
427 2156 532 2193 sunt
558 2151 762 2202 dicendi,
796 2154 873 2208 qui
899 2154 1241 2195 consolationes
1273 2165 1456 2207 semper

134 2219 384 2274 quaerunt?
431 2222 596 2264 Nonne
615 2229 845 2264 amatores
862 2224 933 2264 sui
950 2225 1112 2278 magis,
1134 2236 1266 2278 quam
1286 2221 1452 2265 Christi
