1530 2517
235 94 502 132 CHRISTI
559 94 668 131 [ΑΒ.
699 93 769 130 111.
803 95 923 130 CAP.
959 95 1024 131 33.
1045 94 1110 131 34.
1262 92 1343 134 143

19 195 65 232 et
82 192 159 246 qui
177 203 361 233 carnem
378 190 574 244 sapiunt,
596 189 704 244 quia
720 189 785 230 ibi
801 189 998 243 plurima
1015 190 1191 230 vanitas
1212 194 1256 230 et
1272 187 1346 231 hic

16 274 142 303 mors
167 262 409 307 invenitur.
471 260 561 310 Qui
587 264 740 300 autem
757 264 802 300 te
819 272 902 313 per
920 264 1198 301 contemtum
1222 273 1346 299 mun-

20 332 244 372 danorum
270 334 317 372 et
338 330 488 371 carnis
512 330 916 370 mortificationem
942 334 1214 384 sequuntur,
1241 342 1348 370 vere

21 402 254 456 sapientes
273 412 375 442 esse
395 404 757 454 cognoscuntur,
778 401 886 454 quia
903 399 960 441 de
977 400 1179 440 vanitate
1199 399 1257 439 ad
1274 412 1347 440 ve-

18 473 227 521 ritatem,
261 470 318 512 de
345 483 481 512 carne
513 470 571 510 ad
596 471 805 524 spiritum
829 469 1183 511 transferuntur.
1243 470 1347 510 Istis

21 541 143 595 sapit
157 541 309 592 Deus,
337 545 383 581 et
406 540 626 594 quidquid
650 541 761 581 boni
784 541 1014 581 invenitur
1036 540 1084 580 in
1110 540 1348 589 creaturis,

19 616 167 652 totum
185 610 244 652 ad
259 610 443 652 laudem
460 610 669 651 referunt
685 611 756 651 sui
775 610 1043 651 conditoris.
1100 610 1349 651 Dissimilis

20 685 176 722 tamen
201 685 248 723 et
270 680 460 722 multum
479 680 714 722 dissimilis
741 692 880 734 sapor
904 680 1128 721 creatoris
1156 685 1202 721 et
1226 692 1350 720 crea-

23 756 179 803 turae,
207 751 494 793 aeternitatis
513 755 559 792 et
574 752 794 805 temporis
805 782 817 802 ,
836 751 951 792 lucis
969 752 1204 792 increatae
1224 756 1270 791 et
1286 750 1351 790 lu-

27 823 91 864 cis
107 822 410 862 illuminatae.

107 892 147 933 3.
182 892 219 933 O
244 891 324 932 lux
347 895 594 946 perpetua,
630 896 793 933 cuncta
819 896 976 933 creata
1000 890 1351 933 transscendens

26 963 218 1013 lumina,
244 961 430 1016 fulgura
449 962 818 1004 coruscationem
836 962 892 1004 de
911 962 1093 1003 sublimi
1110 966 1350 1016 penetran-

24 1037 118 1074 tem
151 1033 304 1074 omnia
336 1032 489 1073 cordis
520 1033 613 1073 mei
643 1033 818 1074 intima.
878 1033 1102 1083 Purifica,
1136 1032 1353 1082 laetifica,

28 1104 231 1146 clarifica
248 1108 295 1145 et
308 1103 490 1144 vivifica
506 1104 716 1156 spiritum
736 1116 888 1145 meum
906 1117 1007 1146 cum
1024 1104 1118 1144 suis
1135 1103 1354 1157 potentiis

28 1174 87 1215 ad
101 1173 430 1215 inhaerendum
446 1173 532 1214 tibi
544 1173 762 1227 jubilosis
782 1175 1061 1215 excessibus.
1114 1174 1151 1215 O
1171 1173 1353 1228 quando

26 1245 181 1286 veniet
202 1242 319 1285 haec
340 1243 481 1284 beata
507 1247 553 1284 et
577 1242 900 1285 desiderabilis
926 1242 1064 1295 hora,
1098 1249 1150 1284 ut
1172 1248 1252 1284 tua
1281 1257 1354 1284 me

29 1316 170 1356 saties
210 1313 474 1369 praesentia
514 1318 560 1355 et
598 1314 661 1354 sis
700 1312 813 1355 mihi
854 1315 1008 1355 omnia
1040 1314 1087 1354 in
1121 1312 1355 1355 omnibus2

32 1384 260 1436 Quamdiu
277 1382 367 1426 hoc
384 1383 540 1424 datum
556 1396 649 1425 non
665 1383 819 1435 fuerit,
838 1397 922 1425 nec
938 1384 1122 1438 plenum
1140 1384 1358 1438 gaudium

31 1457 133 1498 erit.
193 1453 374 1506 Adhuc,
401 1452 519 1508 proh
546 1453 701 1495 dolor!
741 1455 854 1495 vivit
876 1455 924 1495 in
947 1468 1022 1496 me
1047 1459 1177 1496 vetus
1196 1453 1358 1504 hom03

27 1539 120 1567 non
133 1530 336 1567 esttotus
350 1526 607 1576 crucifixus,
619 1538 712 1566 non
731 1524 1018 1579 estperfecte
1035 1530 1262 1575 mortuus3
1283 1524 1359 1564 ad·

29 1595 119 1639 huc
136 1597 418 1650 concupiscit
433 1595 620 1637 fortiter
638 1601 799 1637 contra
817 1596 1048 1649 spiritum,
1065 1595 1190 1636 bella
1207 1599 1363 1636 movet

29 1668 248 1708 intestina
264 1680 348 1708 nec
363 1679 557 1721 regnum
576 1667 755 1707 animae
773 1667 946 1720 patitur
965 1679 1066 1707 esse
1086 1667 1304 1721 quietum.

117 1737 157 1777 4.
191 1737 283 1779 Sed
298 1742 361 1788 tu,
375 1738 451 1790 qui
466 1736 718 1777 dominaris
729 1737 952 1790 potestati
968 1736 1108 1776 maris
1127 1739 1174 1777 et
1189 1740 1364 1776 motum

30 1807 249 1849 fluctuum
267 1807 365 1860 ejus
382 1807 584 1861 mitigas,
606 1819 818 1861 exsurge,
842 1806 1010 1860 adjuva
1025 1819 1113 1847 me.
1172 1806 1363 1860 Dissipa

33 1882 209 1932 gentes,
231 1889 347 1932 quae
365 1877 491 1918 bella
506 1877 686 1927 volunt3
715 1881 902 1918 contere
922 1888 1000 1917 eas
1017 1876 1064 1915 in
1082 1875 1248 1916 virtute
1267 1880 1358 1917 tua.

36 1947 253 1998 Ostende,
268 1959 455 2001 quaeso,
466 1948 700 2001 magnalia
709 1952 803 1997 tua,
818 1951 863 1987 et
874 1946 1160 2000 glorificetur
1170 1945 1362 1987 dextera

33 2022 138 2068 tua,
158 2017 265 2071 quia
282 2029 373 2057 non
392 2022 463 2058 est
478 2030 584 2071 spes
603 2018 695 2059 alia
713 2030 797 2059 nec
812 2016 1044 2071 refugium
1062 2014 1196 2067 mihi,
1216 2016 1305 2056 nisi
1321 2016 1366 2055 in

34 2091 99 2137 te,
119 2087 316 2129 Domine
333 2087 460 2128 Deus
478 2099 623 2127 meus.

549 2235 871 2257 “ooo——
