1530 2517
317 121 578 158 CHRISTI
634 120 742 156 [ΑΒ.
773 121 830 157 ΙΙ.
864 122 983 158 ΟΑΡ.
1017 122 1053 156 8.
1074 123 1109 156 9.
1316 117 1368 158 67

51 232 274 262 summum
290 218 380 260 Dei
405 217 692 259 sacerdotem
711 216 907 269 Sixtum,
936 230 1067 273 quem
1091 216 1286 258 maxime
1305 216 1368 257 di-

52 291 248 346 ligebat,
274 301 357 344 pro
377 300 532 328 amore
552 285 721 328 Christi
738 288 875 327 etiam
894 300 920 327 a
938 301 988 328 se
1004 288 1108 329 tolli
1126 287 1371 329 clementer

49 361 244 403 serebat.
313 360 479 399 Amore
511 359 652 412 igitur
684 358 905 398 creatoris
938 370 1139 398 amorem
1171 356 1367 398 hominis

49 431 300 485 superavit,
322 433 367 470 et
382 441 464 483 pro
484 426 679 469 humano
707 428 875 469 solatio
896 428 1095 469 divinum
1111 426 1368 480 beneplaci-

48 506 144 542 tum
167 500 314 554 magis
341 499 496 553 elegit.
555 500 636 540 Ita
651 503 696 540 et
710 504 760 539 tu
778 500 976 554 aliquem
992 498 1300 539 necessarium
1326 501 1371 537 et

50 571 267 613 dilectum
300 570 494 611 amicum
518 582 600 623 pro
636 582 791 611 amore
814 570 905 611 Dei
937 569 1061 610 disce
1092 568 1367 622 relinquere.

48 643 147 685 Nec
171 642 374 696 graviter
397 639 546 691 feras,
573 653 673 681 cum
699 641 754 681 ab
780 641 924 681 amico
945 639 1191 681 derelictus
1208 638 1368 687 fueris,

49 713 221 762 sciens,
250 711 465 766 quoniam
492 715 674 764 oportet
698 723 781 751 nos
809 722 965 751 omnes
982 708 1167 749 tandem
1185 707 1240 747 ab
1256 706 1367 747 invi-

52 795 150 824 cem
168 782 388 836 separari.

135 854 174 892 2.
206 851 401 893 Multum
423 857 468 893 et
485 851 561 892 diu
580 856 763 905 oportet
781 849 1010 891 hominem
1026 849 1072 889 in
1090 860 1139 888 se
1156 847 1256 900 ipso
1277 858 1370 887 cer-

51 928 175 973 tare,
209 927 454 976 antequam
488 921 637 963 discat
667 934 716 962 se
747 922 896 975 ipsum
918 920 1053 974 plene
1080 930 1299 971 superare
1327 922 1372 958 et

51 996 200 1033 totum
219 989 435 1032 affectum
452 993 644 1033 suumin
660 992 810 1032 Deum
830 989 1030 1031 trahere.
1082 988 1273 1038 Quando
1292 985 1372 1027 ho-

53 1075 127 1104 mo
147 1066 239 1104 stat
248 1074 385 1116 super
395 1074 444 1103 se
460 1063 623 1116 ipsum,
634 1062 771 1103 facile
781 1062 951 1102 labitur
962 1060 1020 1100 ad
1031 1059 1372 1100 consolationes

56 1131 292 1174 humanas.
349 1131 442 1174 Sed
456 1146 591 1174 verus
611 1137 789 1174 amator
807 1131 976 1174 Christi
996 1135 1040 1171 et
1057 1129 1288 1170 studiosus
1307 1140 1375 1168 se-

59 1207 208 1245 ctator
229 1204 446 1243 virtutum
470 1216 561 1244 non
587 1203 710 1244 cadit
734 1216 871 1257 super
897 1201 1259 1249 consolationes,
1292 1211 1377 1239 nec

59 1274 239 1328 quaerit
259 1273 378 1314 tales
396 1273 636 1314 sensibiles
655 1273 941 1322 dulcedines,
968 1271 1050 1312 sed
1065 1272 1212 1324 magis
1230 1269 1375 1310 fortes

62 1345 431 1394 exercitationes,
446 1348 491 1385 et
500 1356 582 1397 pro
597 1342 778 1385 Christo
792 1343 930 1383 duros
942 1342 1166 1382 sustinere
1178 1341 1251 1381 lab
1258 1353 1376 1381 ores.

145 1415 184 1455 4.
219 1416 332 1456 Cum
347 1414 489 1468 igitur
506 1415 756 1468 spiritualis
776 1427 802 1454 a
817 1415 919 1455 Deo
948 1411 1203 1454 consolatio
1231 1411 1378 1460 datur,

64 1499 164 1528 cum
188 1486 442 1540 gratiarum
468 1485 648 1526 actione
677 1486 833 1538 accipe
859 1496 975 1534 eam,
1002 1481 1084 1523 sed
1108 1482 1198 1523 Dei
1221 1493 1382 1520 munus

61 1556 271 1610 intellige
290 1567 391 1596 esse
402 1585 413 1605 ,
432 1567 523 1595 non
539 1560 664 1595 tuum
682 1556 906 1595 meritum.
968 1552 1076 1594 Noli
1095 1550 1268 1600 extolli,
1286 1549 1383 1589 noli

65 1627 252 1666 nimium
276 1625 480 1679 gaudere
501 1637 586 1666 nec
609 1626 807 1666 inaniter
829 1634 1148 1678 praesumere,
1174 1620 1255 1661 sed
1283 1625 1380 1660 esto

66 1697 212 1750 magis
230 1695 445 1737 humilior
463 1707 519 1736 ex
536 1696 673 1746 dono,
687 1696 864 1737 cautior
876 1705 1055 1748 quoque
1069 1692 1382 1733 ettimoratior

66 1768 113 1808 in
131 1767 303 1808 cunctis
322 1767 497 1807 actibus
512 1767 626 1818 tuis,
647 1767 861 1820 quoniam
878 1763 1092 1805 transibit
1108 1761 1224 1803 hora
1239 1761 1321 1801 illa
1340 1765 1384 1801 et

67 1842 285 1891 sequetur
299 1837 510 1877 tentatio.
553 1838 664 1878 Cum
682 1836 836 1878 ablata
852 1834 993 1875 fuerit
1009 1833 1282 1882 consolatio,
1294 1843 1384 1871 non

68 1908 221 1949 statim
240 1907 479 1960 desperes,
506 1907 587 1947 sed
613 1920 713 1948 cum
730 1905 984 1946 humilitate
1010 1909 1055 1945 et
1070 1903 1292 1957 patientia
1310 1913 1384 1942 ex-

68 1982 226 2032 specta
250 1978 499 2019 coelestem
523 1977 852 2027 visitationem,
889 1975 1102 2030 quoniam
1126 1978 1289 2027 potens
1318 1977 1386 2012 est

66 2049 194 2090 Deus
214 2048 482 2101 ampliorem
499 2047 582 2087 tibi
596 2046 823 2087 redonare
843 2045 1219 2087 consolationem.
1259 2041 1385 2083 Istud

67 2133 160 2159 non
186 2123 256 2159 est
279 2130 446 2159 novum
469 2130 553 2158 nee
576 2117 774 2158 alienum
788 2116 908 2156 viam
924 2116 1014 2157 Dei
1032 2114 1252 2167 expertis,
1280 2112 1386 2166 quia

67 2190 112 2228 in
138 2189 314 2242 magnis
334 2187 512 2229 Sanctis
539 2191 584 2228 et
600 2188 646 2227 in
664 2187 860 2241 antiquis
877 2183 1120 2238 Prophetis
1136 2183 1224 2224 fuit
1246 2194 1385 2235 saepe

66 2259 174 2299 talis
194 2258 509 2299 alternationis
528 2257 704 2299 modus.

954 2326 991 2366 E
1022 2327 1046 2365 2
