1530 2517
295 118 556 156 CHRISTI
614 119 722 153 LIB.
754 118 822 153 111.
865 118 984 153 CAP.
1017 118 1082 153 20.
1268 118 1347 157 117

114 217 155 259 4.
186 217 246 260 Et
263 214 492 271 quomodo
511 219 666 269 potest
690 214 836 255 amari
858 215 974 264 vita,
1001 218 1151 254 tantas
1177 212 1349 256 habens

33 286 375 335 amaritudines,
394 290 467 326 tot
482 285 689 339 subjecta
707 285 1044 326 calamitatibus
1064 290 1110 327 et
1125 284 1351 327 miseriis'}

35 357 277 408 Quomodo
305 356 443 397 etiam
461 355 628 395 dicitur
644 356 760 406 vita,
785 360 857 396 tot
873 368 1098 410 generans
1116 362 1288 397 mortes
1307 361 1354 398 et

32 425 214 482 pestes‘}
244 425 303 466 Et
317 428 470 466 tamen
487 430 667 466 amatur
693 430 739 467 et
755 425 978 466 delectari
993 426 1039 465 in
1067 438 1122 466 ea
1148 438 1174 466 a
1197 426 1352 468 multis

34 496 281 552 quaeritur.
341 494 709 549 Reprehenditur
725 495 992 549 frequenter
1004 496 1213 547 mundus,
1231 497 1353 551 quod

32 567 179 608 fallax
194 568 255 608 sit
272 570 318 607 et
332 578 494 616 vanus,
514 579 600 607 nec
614 571 767 607 tamen
784 565 922 608 facile
938 566 1227 622 relinquitur,
1248 569 1355 622 quia

36 637 433 691 concupiscentiae
461 637 608 677 carnis
626 638 759 678 nimis
779 637 1083 678 dominantur.
1145 638 1236 680 Sed
1263 638 1356 679 alia

33 707 220 749 trahunt
237 707 295 747 ad
314 706 578 758 amandum,
599 708 690 748 alia
709 707 766 747 ad
785 707 1179 749 contemnendum.
1241 708 1354 749 Tra-

34 778 146 819 hunt
163 778 222 819 ad
242 790 445 818 amorem
461 778 617 818 mundi
650 778 678 818 d
691 777 994 818 esiderium
1027 779 1237 829 carnis,
1271 779 1298 819 d
1311 792 1354 820 e-

32 848 307 891 siderium
340 860 365 888 o
380 847 633 889 culorum
666 852 719 888 et
750 860 846 901 sup
860 848 1018 889 erbia
1047 849 1225 899 vitae3
1272 850 1355 891 sed

30 932 210 974 poenae
237 932 291 960 ac
313 919 528 958 miseriae
542 918 664 972 juste
683 923 927 973 sequentes
955 931 1010 961 ea
1029 918 1184 961 odium
1199 920 1352 960 mundi

31 991 216 1045 pariunt
233 996 279 1030 et
293 988 511 1030 taedium.

116 1061 156 1101 5.
191 1059 283 1102 Sed
298 1059 459 1110 vincit,
483 1056 600 1113 proh
618 1058 773 1100 dolor!
809 1059 1055 1101 delectatio
1074 1072 1216 1114 prava
1231 1073 1354 1102 men-

34 1137 128 1173 tem
150 1129 319 1171 mundo
348 1129 572 1180 deditam,
608 1135 660 1170 et
693 1142 818 1171 esse
850 1131 948 1171 sub
981 1131 1239 1172 sentibus
1272 1130 1356 1172 de·

35 1202 178 1243 licia
188 1214 209 1241 s
239 1214 264 1241 r
276 1213 299 1242 e
310 1213 337 1254 p
349 1204 407 1240 ut
418 1203 472 1240 at
482 1231 494 1250 ,
529 1200 634 1254 quia
650 1200 742 1241 Dei
766 1201 1040 1241 suavitatem
1066 1204 1112 1241 et
1133 1201 1357 1241 internam

36 1272 217 1312 virtutis
244 1271 570 1311 amoenitatem
593 1283 678 1311 nec
701 1270 836 1321 vidit,
869 1284 954 1312 nec
987 1272 1201 1325 gustavit.
1272 1271 1357 1321 Qui

40 1347 192 1383 autem
216 1341 431 1381 mundum
454 1339 658 1394 perfecte
688 1345 982 1381 contemnunt
1008 1346 1054 1382 et
1075 1341 1178 1382 Deo
1206 1342 1360 1383 vivere

39 1414 121 1454 sub
140 1416 298 1453 sancta
309 1411 549 1464 disciplina
565 1411 763 1462 student,
774 1412 852 1452 isti
865 1411 1063 1452 divinam
1074 1412 1360 1453 dulcedinem

38 1484 159 1524 veris
179 1482 635 1523 abrenunciatoribus
652 1482 926 1534 promissam
942 1494 1034 1522 non
1049 1482 1287 1536 ignorant,
1316 1488 1362 1523 et

30 1566 176 1607 -quam
193 1553 396 1608 graviter
411 1552 603 1593 mundus
623 1555 747 1593 errat
764 1557 809 1593 et
824 1553 951 1594 varie
968 1551 1166 1603 fallitur,
1194 1553 1359 1594 clarius

39 1623 207 1665 vident.

133 1766 165 1797 4.
196 1763 373 1797 1.Joann.
395 1766 501 1803 216.
528 1783 574 1788 —
623 1767 655 1797 5.
683 1763 768 1798 Joh.
789 1766 845 1803 30,
863 1766 897 1798 7.
