1530 2517
148 157 200 196 22
541 149 625 185 DE
662 148 1067 185 IMITATIONE

566 278 828 325 CAPUT
895 279 1050 323 XIV.

431 378 500 420 De
535 377 768 420 temerario
791 377 964 431 judicio
999 378 1193 419 vitando.

235 504 274 542 1.
306 485 395 542 Ad
419 506 464 541 te
488 501 635 553 ipsum
662 500 820 541 oculos
844 497 1031 540 reflecte
1057 503 1103 539 et
1128 499 1322 539 aliorum
1347 498 1472 539 facta

156 585 318 613 caveas
346 571 566 625 judicare.
625 572 675 611 In
702 571 949 625 judicando
984 571 1100 613 alios
1131 570 1268 612 homo
1301 569 1474 611 frustra

155 643 350 692 laborat,
370 641 551 694 saepius
572 646 694 681 errat
712 645 757 681 et
772 641 937 682 leviter
952 645 1135 694 peccat3
1161 654 1210 682 se
1234 642 1384 694 ipsum
1399 652 1473 679 ve-

153 725 206 753 ro
230 711 477 765 judicando
505 715 551 752 et
574 711 857 752 discutiendo
885 724 1065 764 semper
1087 710 1322 752 fructuose
1348 710 1475 750 labo-

155 787 242 823 rat.
304 781 432 823 Sicut
446 781 578 821 nobis
595 794 671 823 res
691 781 820 822 cordi
839 784 930 831 est,
957 782 1023 822 sic
1048 781 1105 822 de
1131 793 1187 821 ea
1210 779 1476 834 frequenter

153 852 431 906 judicamus3
463 863 569 891 nam
597 864 755 893 verum
782 851 1003 905 judicium
1033 855 1222 905 propter
1250 851 1484 904 privatum·

160 935 362 963 amorem
386 921 587 962 faciliter
610 921 855 975 perdimus.
917 921 967 963 Si
989 922 1116 963 Deus
1142 933 1323 974 semper
1357 924 1479 961 esset

158 1005 273 1046 pura
295 992 486 1033 intentio
513 992 661 1033 nostri
686 991 925 1042 desiderii,
951 1004 1042 1032 non
1058 997 1154 1032 tam
1169 991 1370 1032 faciliter
1385 995 1475 1029 tur-

157 1064 373 1104 baremur
387 1075 469 1117 pro
487 1063 751 1103 resistentia
768 1074 928 1103 sensus
947 1062 1106 1102 nostri.

241 1135 281 1173 2.
315 1133 407 1175 Sed
431 1145 569 1185 saepe
596 1131 770 1186 aliquid
796 1132 851 1172 ab
876 1132 997 1172 intra
1022 1131 1136 1172 latet
1158 1131 1233 1171 vel
1259 1131 1395 1171 etiam
1421 1130 1476 1170 ab

161 1208 289 1245 extra
307 1204 548 1253 concurrit,
570 1202 692 1256 quod
709 1215 793 1243 nos
813 1202 950 1243 etiam
967 1202 1140 1255 pariter
1155 1199 1309 1241 trahit.
1342 1200 1478 1241 Multi

160 1274 336 1316 occulte
369 1286 417 1314 se
443 1274 569 1326 ipsos
604 1278 828 1326 quaerunt
850 1272 897 1312 in
919 1273 1072 1322 rebus,
1107 1283 1218 1325 quas
1246 1276 1399 1325 agunt,
1435 1280 1480 1312 et

158 1344 378 1386 nesciunt.
438 1342 662 1385 Videntur
680 1342 818 1382 etiam
833 1342 881 1382 in
896 1342 1019 1383 bona
1034 1354 1149 1396 pace
1167 1346 1289 1382 stare
1301 1372 1313 1392 ,
1341 1354 1478 1396 quan-

160 1415 218 1455 do
243 1427 317 1455 res
349 1426 432 1467 pro
469 1425 625 1453 eorum
656 1412 774 1453 velle
807 1412 920 1452 fiunt
952 1417 998 1453 et
1027 1412 1220 1462 sentire3
1254 1412 1293 1451 si
1328 1416 1479 1452 autem

160 1486 294 1526 aliter
309 1485 360 1524 fit
377 1496 510 1538 quam
528 1484 732 1536 cupiunt,
753 1483 843 1523 cito
861 1487 1101 1524 moventur
1118 1486 1164 1523 et
1177 1482 1333 1524 tristes
1351 1482 1477 1522 fiunt.

158 1556 355 1609 Propter
387 1554 698 1594 diversitatem
738 1565 952 1593 sensuum
993 1557 1039 1593 et
1071 1552 1334 1605 opinionum
1366 1552 1478 1592 satis

161 1626 429 1680 frequentur
454 1624 660 1663 oriuntur
687 1622 996 1664 dissensiones
1019 1623 1140 1665 inter
1166 1622 1338 1662 amicos
1358 1626 1404 1662 et
1421 1623 1479 1662 ci-

159 1709 253 1747 ves,
271 1696 391 1735 inter
405 1694 652 1747 religiosos
672 1696 717 1733 et
735 1691 941 1733 devotos.

243 1766 284 1806 3.
315 1764 511 1818 Antiqua
537 1762 819 1803 consuetudo
847 1754 1090 1804 difficulter
1112 1763 1408 1818 relinquitur,
1437 1769 1482 1804 et

160 1835 280 1876 ultra
316 1834 551 1888 proprium
588 1831 745 1873 videre
776 1844 909 1873 nemo
951 1832 1147 1875 libenter
1178 1833 1369 1875 ducitur.
1432 1834 1480 1876 Si

157 1905 329 1946 rationi
343 1909 450 1944 tuae
467 1903 613 1956 magis
630 1903 837 1943 inniteris
855 1903 929 1943 vel
943 1903 1197 1945 industriae
1208 1935 1220 1955 ,
1241 1917 1375 1959 quam
1391 1905 1479 1944 vir-

158 1975 246 2015 tuti
269 1974 547 2028 subjectivae
556 1972 583 2014 J
587 1985 667 2014 esu
686 1971 867 2023 Christi,
886 1985 992 2014 raro
1014 1978 1060 2014 et
1081 1974 1213 2016 tarde
1233 1975 1322 2016 eris
1340 1973 1475 2015 homo

158 2044 459 2085 illuminatus:
488 2045 594 2098 quia
616 2043 743 2085 Deus
767 2043 865 2084 vult
880 2056 963 2085 nos
982 2045 1070 2085 sibi
1093 2044 1298 2098 perfecte
1317 2044 1479 2098 subjici

162 2119 209 2156 et
225 2127 403 2155 omnem
418 2115 646 2156 rationem
669 2126 753 2168 per
768 2113 1095 2156 inflammatum
1115 2128 1316 2157 amorem
1333 2119 1478 2155 trans-

160 2184 393 2226 scandere.

659 2290 983 2313 ψ
