1530 2517
146 113 229 155 154
547 115 629 152 DE
669 115 1070 152 IMITATIONE

558 374 822 423 CAPUT
880 376 1061 421 XLII.

285 490 414 542 Quod
436 502 533 544 pax
564 503 654 531 non
683 496 746 531 est
762 489 970 543 ponenda
1000 488 1048 530 in
1079 488 1337 530 hominibus.

228 638 269 678 1.
300 621 430 689 Fili,
454 638 495 679 si
509 638 644 691 ponis
661 649 820 690 pacem
837 641 961 677 tuam
981 650 1080 678 cum
1099 637 1253 691 aliqua
1268 649 1466 691 persona

144 714 333 765 propter
355 713 483 750 tuum
507 709 678 750 sentire
706 713 752 749 et
777 711 1040 760 convivere,
1065 709 1291 750 instabilis
1313 711 1402 751 eris
1423 714 1466 750 et

143 782 418 835 implicatus.
478 777 570 821 Sed
601 780 642 820 si
669 792 905 821 recursum
938 777 1081 820 habes
1117 778 1175 819 ad
1200 792 1379 833 semper
1401 781 1463 819 vi-

143 855 324 891 ventem
367 854 413 891 et
448 852 708 890 manentem
738 850 1002 900 veritatem,
1042 862 1135 890 non
1177 851 1490 891 contristabitr

150 920 321 961 amicus
337 918 559 960 recedens
579 923 657 960 aut
672 920 887 961 moriens.
938 921 989 961 In
1005 932 1077 960 me
1097 919 1231 961 debet
1250 921 1384 961 amici
1402 920 1465 960 di—

145 991 284 1031 lectio
313 994 459 1040 stare,
490 997 534 1032 et
557 995 748 1045 propter
770 1002 843 1031 me
862 989 1120 1044 diligendus
1140 995 1229 1040 est,
1262 991 1465 1044 quisquis

148 1062 233 1102 tibi
248 1062 395 1102 bonus
412 1062 535 1102 visus
556 1066 626 1102 est
642 1067 688 1102 et
702 1061 893 1101 multum
912 1073 1044 1101 carus
1065 1061 1112 1100 in
1128 1059 1215 1101 hac
1230 1061 1337 1100 vita.
1399 1059 1466 1101 Si-

147 1144 203 1172 ne
220 1144 292 1172 me
310 1144 400 1171 non
416 1131 541 1172 valet
564 1144 648 1172 nec
665 1130 849 1172 durabit
873 1131 1089 1181 amicitia,
1108 1143 1192 1171 nec
1210 1134 1280 1171 est
1294 1142 1404 1171 vera
1423 1137 1468 1170 et

144 1201 313 1242 munda
331 1201 516 1242 dilectio
528 1231 540 1251 ,
566 1213 701 1255 quam
719 1213 805 1255 ego
824 1214 916 1242 non
934 1200 1114 1254 copulo.
1174 1201 1245 1241 lta
1260 1205 1466 1241 mortuus

147 1271 287 1312 debes
308 1283 409 1312 esse
420 1271 589 1313 talibus
602 1270 922 1313 affectionibus
935 1270 1207 1312 dilectorum
1218 1268 1466 1323 hominum,

144 1346 196 1382 ut
221 1346 439 1396 quantum
463 1342 523 1382 ad
546 1347 591 1383 te
608 1343 829 1397 pertinet,
856 1342 954 1382 sine
980 1341 1102 1382 omni
1118 1339 1314 1383 humano
1340 1346 1465 1396 opta-

143 1425 220 1453 res
249 1425 349 1454 esse
377 1414 627 1453 consortio.
687 1413 839 1454 Tanto
863 1410 1000 1452 homo
1017 1411 1120 1453 Deo
1138 1412 1285 1466 magis
1304 1424 1466 1466 appro-

147 1484 357 1537 pinquat,
386 1488 554 1537 quanto
581 1484 637 1524 ab
664 1483 787 1523 omni
808 1482 976 1523 solatio
994 1489 1176 1523 terreno
1195 1482 1378 1536 longius
1394 1495 1465 1523 re·

150 1553 284 1594 cedit.
318 1555 468 1594 Tanto
483 1554 622 1594 etiam
640 1553 776 1593 altius
797 1552 852 1592 ad
864 1553 1013 1593 Deum
1032 1551 1281 1602 adscendit,
1296 1558 1464 1606 quanto

146 1623 418 1678 profundius
435 1624 482 1664 in
499 1613 553 1664 se>
568 1623 805 1664 descendit
823 1627 868 1662 et
883 1622 984 1675 plus
1002 1622 1091 1662 sibi
1105 1622 1195 1675 ipsi
1209 1622 1402 1663 vilescit.

231 1695 272 1732 2.
307 1693 395 1743 Qui
421 1697 572 1733 autem
591 1694 679 1734 sibi
697 1692 871 1747 aliquid
887 1692 996 1732 boni
1014 1692 1242 1743 attribuit,
1268 1693 1465 1746 gratiam
1512 1697 1526 1753 “ns

145 1764 235 1804 Dei
251 1764 299 1804 in
316 1777 366 1804 se
382 1764 537 1804 venire
561 1763 773 1817 impedit,
801 1762 908 1817 quia
931 1761 1082 1816 gratia
1108 1762 1293 1824 spiritus
1319 1764 1464 1803 sancti

150 1847 230 1874 eor
262 1832 430 1874 humile
463 1845 642 1886 semper
674 1833 867 1887 quaerit.
929 1832 978 1874 Si
1011 1832 1152 1873 scires
1183 1836 1230 1873 te
1259 1831 1464 1885 perfecte

150 1903 402 1945 annihilare
436 1908 571 1958 atque
613 1903 668 1944 ab
703 1903 826 1943 omni
858 1903 1002 1944 creati
1034 1914 1191 1943 amore
1225 1914 1462 1952 evacuare,

148 1979 254 2015 tunc
287 1973 502 2015 deberem
537 1974 584 2014 in
614 1978 661 2015 te
703 1986 804 2014 cum
843 1984 1011 2027 magna
1049 1975 1201 2027 gratia
1235 1984 1462 2013 emanare.

1516 1844 1530 2022 ἰ

153 2043 345 2093 Quando
377 2048 428 2085 tu
457 2044 650 2098 respicis
685 2043 743 2084 ad
777 2047 1032 2093 creaturas,
1075 2039 1356 2083 subtrahitur
1382 2042 1467 2082 tibi

150 2113 391 2167 adspectus
425 2115 661 2156 creatoris.
720 2114 861 2155 Disce
892 2117 940 2153 te
973 2113 1018 2152 in
1045 2111 1252 2153 omnibus
1277 2116 1467 2165 propter

245 2256 279 2287 2.
305 2253 403 2288 Edu.
432 2255 483 2288 ab
515 2255 635 2289 omni
667 2257 828 2289 creato
862 2262 1020 2287 amore.

1528 2229 1530 2267 1

1528 2340 1530 2388 1
