1530 2517
192 106 271 145 218
562 107 645 143 DE
684 109 1083 144 [MITATIONE

189 203 339 256 major
350 215 437 256 pro
451 204 656 256 peccati-s
673 202 924 255 diluendis,
953 217 1084 257 quam
1104 218 1153 246 se
1171 206 1318 259 ipsum
1335 219 1446 260 pure
1467 213 1510 248 et
1528 224 1530 227 ’

186 273 369 326 integre
389 285 489 313 cum
509 273 742 313 oblatione
763 274 969 326 corporis
990 272 1159 314 Christi
1175 276 1221 314 in
1238 277 1378 316 missa
1404 277 1509 317 etin

191 343 510 383 communione
526 343 629 383 Deo
651 342 838 384 offerre.
897 343 947 384 Si
963 342 1128 384 fecerit
1143 343 1295 395 homo,
1325 344 1447 398 quod
1462 345 1510 385 in

189 425 239 453 se
260 417 350 462 est,
379 417 425 453 et
439 424 547 452 vere
565 413 866 465 poenituerit,
895 414 1254 468 quotiescunque
1275 426 1357 467 pro
1376 415 1510 454 venia
1528 444 1529 450 ,

190 488 235 522 et
252 482 404 536 gratia
421 481 480 521 ad
496 494 568 522 me
588 484 855 523 accesserit:
887 483 1027 524 Vivo
1065 495 1128 536 eg
1140 495 1165 523 o
1179 513 1191 533 ,
1225 483 1336 523 dicit
1350 484 1508 524 Domi-

186 565 293 601 nus,
330 552 422 605 qui
452 551 584 592 nolo
618 557 849 592 mortem
880 553 1227 605 peccatoris,
1269 552 1368 592 sed
1406 565 1507 592 ma-

187 622 272 675 gis
304 626 361 661 ut
393 626 760 662 convertatur
793 626 847 662 et
876 624 1049 662 vivat:
1097 623 1356 676 quoniam
1387 635 1506 675 pec-

188 695 439 731 catorum
472 704 695 731 suorum
725 704 829 731 non
859 693 1211 733 recordabor
1244 692 1502 746 amplius,

187 760 268 801 sed
287 765 448 801 cuncta
466 761 553 801 sibi
569 761 747 802 indulta
766 765 907 802 erunt.

600 1202 860 1248 CAPUT
927 1204 1083 1248 VIII,

314 1313 385 1356 De
418 1315 638 1357 oblatione
676 1315 845 1357 Christi
873 1316 920 1357 in
952 1330 1078 1358 cruce
1110 1324 1151 1358 et
1178 1318 1367 1372 propria

691 1385 1004 1440 resignatione.

594 1523 737 1574 Vox
781 1521 1090 1574 DILECTI.

264 1675 304 1714 1.
341 1654 481 1713 Sicut
498 1684 584 1726 ego
603 1685 675 1712 me
693 1673 839 1725 ipsum
860 1673 1071 1726 expansis
1088 1673 1135 1712 in
1149 1684 1281 1713 cruce
1293 1671 1500 1712 manibus

183 1750 229 1786 et
260 1747 381 1787 nudo
408 1759 602 1800 corpore
625 1759 708 1800 pro
734 1747 935 1799 peccatis
961 1747 1051 1787 tuis
1069 1747 1170 1787 Deo
1194 1745 1315 1799 patri
1339 1750 1500 1799 sponte

182 1816 341 1866 obtuli,
358 1817 425 1857 ita
441 1822 492 1857 ut
506 1816 620 1857 nihil
636 1818 683 1856 in
699 1829 771 1856 me
787 1820 1061 1866 remaneret,
1083 1816 1188 1869 quin
1205 1805 1352 1855 totum
1367 1815 1415 1854 in
1431 1827 1501 1855 sa·

182 1887 401 1927 orificium
427 1886 607 1927 divinae
632 1886 906 1939 placationis
930 1886 1166 1925 transiret:
1198 1885 1263 1925 ita
1289 1884 1428 1925 debes
1457 1890 1502 1925 et

179 1962 229 1996 tu
244 1961 388 1997 temet
410 1957 559 2010 ipsum
575 1954 687 1996 mihi
703 1955 961 1996 voluntarie
978 1955 1025 1995 in
1044 1954 1323 1995 oblationem
1340 1966 1499 2008 puram
1520 1981 1521 1984 =

179 2031 225 2066 et
241 2031 458 2077 sanctam,
479 2026 685 2080 quotidie
702 2026 748 2065 in
765 2026 906 2065 missa
924 2038 1023 2065 cum
1042 2025 1247 2065 omnibus
1265 2025 1435 2065 viribus
1455 2028 1500 2064 et

178 2094 419 2137 affectibus
437 2098 542 2147 tuis,
563 2100 732 2150 quanto
751 2096 953 2136 intimius
970 2095 1111 2146 vales,
1132 2092 1314 2136 offerre.
1377 2093 1493 2144 Quid

268 2238 300 2267 4.
328 2233 464 2269 Ezech.
483 2238 538 2275 33,
559 2238 598 2269 11
618 2237 656 2268 et
674 2238 727 2275 18,
744 2237 800 2268 22-
