1530 2517
294 120 557 159 CHRISTI
615 120 723 157 LIB.
755 121 823 158 11¹.
857 123 977 159 CAP.
1011 124 1046 158 5.
1067 124 1103 161 6.
1312 119 1363 159 91

485 370 747 417 CAPUT
822 372 920 416 Vl.

348 483 413 525 De
432 485 701 539 probatione
727 485 818 526 veri
843 486 1072 527 amatoris.

118 640 157 677 1.
190 616 296 686 Fili,
316 646 404 674 non
426 646 473 675 es
493 632 642 674 adhuc
658 632 792 675 fortis
813 638 857 675 et
874 633 1071 686 prudens
1091 637 1285 674 amator.

115 708 155 747 2.
190 706 358 756 Quare,
377 702 602 746 DomineCl

116 777 156 818 3.
192 776 311 827 Quia
335 780 524 829 propter
547 773 774 815 modicam
801 774 1174 815 contrarietatem
1201 774 1358 815 deficis

35 860 62 888 a
94 847 293 901 coeptis,
342 850 388 886 et
425 845 558 885 nimis
592 843 725 886 avide
759 845 1124 886 consolationem
1160 844 1358 898 quaeris.

32 918 186 959 Fortis
205 920 385 957 amator
400 919 492 957 stat
507 916 552 955 in
571 915 922 966 tentationibus,
948 928 1034 957 nec
1059 915 1239 957 callidis
1265 928 1360 957 cre·

35 988 100 1030 dit
116 985 520 1042 persuasionibus·
508 985 694 1026 mimici.
746 984 873 1027 Sicut
891 987 933 1027 ei
949 986 994 1026 in
1013 986 1247 1040 prosperis
1263 985 1359 1039 pla-

35 1072 133 1109 ceo,
151 1059 218 1099 ita
234 1070 318 1099 nec
335 1057 380 1097 in
400 1055 603 1097 adversis
623 1055 861 1110 displiceo.

117 1128 157 1169 4.
189 1126 395 1170 Prudens
421 1131 601 1167 amator
624 1139 715 1167 non
740 1131 835 1168 tam
853 1126 1022 1168 donum
1040 1104 1236 1168 amantis
1257 1139 1361 1167 con·

34 1199 231 1250 siderat,
259 1210 394 1253 quam
421 1196 570 1237 dantis
597 1209 815 1239 amorem.
875 1195 1102 1239 Affectum
1118 1197 1271 1251 potius
1297 1201 1361 1236 at·

35 1268 204 1319 tendit,
233 1280 366 1322 quam
391 1280 596 1318 sensum,
625 1273 670 1309 et
692 1267 814 1309 infra
839 1267 1056 1309 dilectum
1083 1267 1236 1308 onmia
1253 1265 1362 1307 data

36 1340 180 1395 ponit.
239 1337 420 1380 Nobilis
447 1342 626 1378 amator
649 1351 739 1379 non
767 1339 963 1394 quiescit
977 1339 1025 1380 in
1044 1337 1188 1387 dono,
1217 1336 1362 1378 sedin

36 1423 108 1452 me
127 1421 265 1463 super
283 1421 414 1449 omne
435 1407 616 1448 donum.

123 1480 164 1521 5.
196 1478 301 1522 Non
326 1483 396 1520 est
425 1478 531 1520 ideo
557 1484 704 1520 totum
736 1479 983 1533 perditum,
1018 1479 1057 1520 si
1091 1478 1365 1533 quandoque

40 1551 188 1592 minus
211 1550 329 1592 bene
355 1549 411 1591 de
435 1562 508 1591 me
529 1549 604 1591 vel
627 1549 683 1591 de
704 1549 882 1591 Sanctis
899 1550 1014 1592 meis
1037 1550 1202 1600 sentis,
1232 1562 1365 1604 quam

43 1620 200 1662 velles.
258 1618 461 1661 Affectus
478 1620 558 1661 ille
573 1620 720 1661 bonus
741 1626 785 1661 et
803 1620 963 1671 dulcis,
987 1634 1121 1675 quem
1136 1619 1366 1661 interdum

41 1690 263 1744 percipis,
299 1687 490 1732 effectus
521 1691 701 1745 gratiae
726 1693 982 1745 praesentis
1010 1696 1081 1733 est
1112 1696 1158 1733 et
1182 1690 1366 1746 quidam

41 1765 317 1815 praegustus
335 1761 514 1815 patriae
532 1761 749 1803 coelestis
761 1792 773 1812 ‚
799 1774 938 1816 super
955 1775 1043 1817 quo
1071 1775 1162 1803 non
1179 1761 1367 1802 nimium

40 1830 345 1882 innitendum,
371 1832 478 1886 quia
499 1832 626 1874 vadit
647 1836 696 1874 et
709 1832 847 1873 venit.
910 1834 1099 1874 Certare
1119 1836 1271 1872 autem
1289 1830 1366 1871 ad-

41 1914 201 1945 versus
217 1900 471 1944 incidentes
487 1902 635 1943 malos
659 1907 811 1944 motus
838 1903 978 1944 animi
1002 1902 1365 1957 suggestionem·

42 1986 131 2029 que
161 1985 379 2027 spernere
406 1972 603 2024 diaboli,
635 1974 815 2028 insigne
843 1978 913 2014 est
935 1974 1115 2014 virtutis
1144 1977 1189 2014 et
1212 1971 1368 2025 magn?

38 2044 205 2086 meriti.

122 2113 162 2155 6.
196 2113 301 2155 Non
319 2125 431 2168 ergo
448 2117 494 2154 te
521 2114 794 2154 conturbent
819 2114 998 2155 alienae
1017 2111 1287 2167 phantasiae
1308 2111 1364 2152 de

41 2195 310 2237 quacunque
333 2184 529 2224 materia
549 2183 774 2237 ingestae.
833 2185 975 2225 Forte
1001 2196 1134 2225 serva
1156 2182 1364 2236 proposi-

37 2258 133 2293 tum
153 2258 199 2294 et
213 2254 514 2295 intentionem
530 2258 703 2294 rectam
724 2253 780 2294 ad
791 2254 956 2296 Deum.
991 2254 1089 2295 Nec
1108 2257 1177 2294 est
1191 2252 1364 2300 illusio,
