1530 2517
322 135 578 173 CHRISTI
637 136 745 171 Lm.
777 136 831 173 11.
865 137 985 173 CAP.
1019 138 1057 172 6.
1077 137 1113 172 7.
1328 135 1380 175 63

137 234 176 272 2.
211 233 393 273 Teneas
420 237 464 272 te
491 231 611 284 apud
635 231 791 272 Jesum
817 232 972 272 vivens
1000 244 1054 273 ae
1078 232 1301 282 moriens,
1338 238 1382 272 et

54 301 178 342 illius
204 301 414 342 fidelitati
439 305 483 341 te
511 302 766 352 committe,
801 303 878 355 qui
897 302 1104 342 omnibus
1132 301 1381 343 deficienti-

51 371 136 412 bus
169 370 295 412 solus
321 375 366 411 te
400 374 553 424 potest
579 371 756 424 juvare.
816 371 1025 412 Dilectus
1049 375 1154 411 tuus
1179 371 1286 411 talis
1314 375 1384 412 est

52 445 267 491 naturae,
301 444 351 480 ut
377 440 575 481 alienum
599 453 691 481 non
713 441 825 481 velit
850 441 1114 492 admittere,
1148 441 1231 482 sed
1256 441 1382 482 solus

50 510 148 550 vult
179 523 260 552 cor
299 515 423 550 tuum
464 509 634 551 habere
669 515 715 551 et
744 516 962 565 tanquam
991 523 1076 553 rex
1106 511 1152 551 in
1193 512 1381 565 proprio

54 578 220 621 throno
240 580 418 622 sedere.
480 580 530 622 Si
554 581 697 621 scires
721 586 768 621 te
791 581 909 622 bene
937 582 992 622 ab
1021 582 1144 622 omni
1171 587 1383 622 creatura

56 663 303 701 evacuare,
345 651 480 692 Jesus
523 651 714 692 deberet
744 651 941 692 libenter
972 656 1123 693 tecum
1155 650 1380 692 habitare.

51 720 206 762 Paene
223 725 370 761 totum
381 720 609 774 perditum
624 722 843 772 invenies,
858 721 1077 776 quidquid
1089 723 1250 763 exn-as
1257 735 1382 762 esum

52 791 99 830 in
122 789 381 832 hominibus
406 792 631 844 posueris.
691 790 796 832 Non
822 792 1026 832 confidas
1058 804 1143 832 nec
1171 792 1382 831 innitaris

53 873 192 914 super
210 861 432 902 calamum
450 865 711 912 ventosum,
747 862 853 915 quia
887 861 1064 902 omnis
1098 874 1227 902 caro
1261 861 1381 902 foe-

54 943 196 981 num,
253 935 306 972 et
361 931 538 971 omnis
585 930 775 985 gloria
824 931 944 984 ejus
990 936 1051 972 ut
1094 930 1208 973 flos
1256 931 1382 973 foeni

55 999 201 1042 cadet.

136 1071 176 1112 3.
210 1072 312 1113 Cito
340 1070 609 1123 decipieris,
637 1069 678 1110 si
701 1070 759 1111 ad
786 1074 1021 1112 externam
1045 1069 1279 1112 hominum
1307 1084 1382 1125 ap-

53 1142 310 1195 parentiam
326 1146 502 1182 tantum
521 1140 804 1194 adspexeris.
868 1141 916 1183 Si
935 1143 1054 1183 enim
1069 1146 1197 1183 tuum
1213 1143 1260 1182 in
1279 1143 1382 1183 aiiis

53 1211 235 1266 quaeris
253 1211 469 1252 solatium
489 1215 533 1252 et
549 1211 740 1261 lucrum,
754 1212 925 1253 senties
943 1213 1126 1266 saepius
1139 1213 1382 1254 detrimen-

51 1286 161 1322 tum.
223 1279 273 1324 Si
298 1282 480 1337 quaeris
497 1281 544 1321 in
572 1281 780 1322 omnibus
797 1282 976 1333 Jesum,
1001 1283 1206 1323 invenies
1223 1284 1381 1336 utique

51 1352 77 1393 J
82 1364 230 1403 esum3
256 1352 296 1392 si
321 1356 474 1393 autem
501 1352 685 1406 quaeris
702 1356 748 1392 te
765 1352 937 1405 ipsum,
955 1353 1161 1394 invenies
1181 1354 1319 1394 etiam
1336 1359 1381 1393 te

50 1423 222 1476 ipsum,
263 1421 347 1463 sed
379 1421 437 1462 ad
467 1425 594 1461 tuam
624 1422 888 1474 perniciem.
948 1422 1057 1463 Plus
1091 1424 1210 1464 enim
1242 1422 1379 1464 homo

51 1492 261 1533 nocivior
277 1492 380 1542 sibi,
399 1492 439 1532 si
454 1491 612 1533 Jesum
629 1504 720 1532 non
740 1493 941 1547 quaerit,
962 1505 1097 1547 quam
1113 1497 1237 1534 totus
1255 1506 1380 1533 mun-

53 1561 136 1602 dus
157 1566 202 1603 et
220 1574 377 1603 omnes
395 1563 468 1603 sui
485 1561 754 1603 adversarii.

141 1705 174 1735 2.
200 1700 278 1735 Jes.
295 1705 353 1740 40,
368 1704 399 1735 ⁷.
