1530 2517
168 104 247 144 174
578 105 661 140 DE
692 104 1098 140 {MlTATIONE

247 203 287 241 7.
321 201 395 242 Da
419 198 552 250 mihi,
578 200 802 251 Domine,
828 201 968 251 scire,
1004 199 1127 254 quod
1152 200 1388 241 sciendum
1414 206 1497 250 est,

164 270 254 312 hoc
272 283 449 321 amare,
479 270 603 325 quod
628 269 873 310 amandum
899 274 990 320 est,
1017 268 1106 310 hoc
1130 269 1347 320 laudare,
1375 269 1498 324 quod

165 342 249 382 tibi
265 353 439 382 summe
457 341 626 394 placet,
644 339 734 381 hoe
748 344 982 393 reputare,
1003 339 1127 395 quod
1141 340 1226 380 tibi
1242 340 1511 393 pretiosum·

166 416 380 465 apparet,
407 410 497 452 hoc
512 412 800 464 vituperare,
829 409 953 464 quod
978 410 1124 451 oculis
1142 410 1233 450 tuis
1251 409 1494 450 sordescit.

162 483 268 524 Non
285 494 358 523 me
385 483 509 523 sinas
530 481 781 523 secundum
796 481 1021 523 visionem
1040 479 1280 521 oculorum
1300 480 1496 520 exterio-

163 565 265 594 rum
277 552 489 607 Judicare
506 564 656 606 neque
674 549 924 593 secundum
942 550 1147 591 auditum
1165 550 1342 589 aurium
1352 547 1497 590 homi-

163 635 271 663 num
286 622 606 676 imperitorum
622 625 928 671 sententiare,
955 620 1036 661 sed
1056 620 1102 660 in
1116 619 1291 673 judicio
1310 631 1421 660 vero
1441 618 1496 660 de

164 692 423 733 visibilibus
465 696 512 734 et
541 691 858 745 spiritualibus
896 690 1157 731 discernere
1192 693 1329 743 atque
1363 702 1444 742 sup
1452 702 1498 730 et

169 763 322 804 onmia
339 762 624 805 voluntatem
638 761 922 815 beneplaciti
936 761 1006 801 tui
1022 772 1205 814 semper
1220 760 1469 815 inquirere.

248 834 287 874 8.
319 832 563 874 Falluntur
579 844 720 886 saepe
732 830 968 872 hominum
984 843 1145 872 sensus
1162 831 1210 870 in
1221 829 1472 884 judicando
1487 844 1498 887 ς

164 903 388 944 falluntur
415 908 462 945 et
488 908 720 944 amatores
754 901 932 943 saeculi
953 901 1157 942 visibilia
1180 899 1495 941 tantummodo

165 973 378 1014 amando.
441 973 563 1023 Quid
589 978 660 1015 est
683 971 821 1014 homo
839 971 947 1012 inde
971 971 1161 1022 melior,
1189 971 1298 1025 quia
1312 975 1502 1024 reputa·

160 1051 236 1085 tur
255 1045 309 1085 ab
328 1042 513 1085 homine
530 1041 707 1098 major?
737 1042 903 1083 Fallax
919 1040 1150 1091 fallacem,
1164 1053 1305 1081 vanus
1314 1052 1495 1092 vanum,

163 1127 327 1156 caecus
348 1126 550 1166 caecum,
567 1115 773 1155 infirmus
790 1112 1019 1153 infirmum
1036 1110 1219 1164 decipit,
1246 1110 1351 1150 dum
1371 1110 1496 1151 exal-

161 1191 252 1236 ταῖς
284 1189 331 1226 et
347 1186 575 1227 veraciter
597 1184 746 1238 magis
775 1181 1034 1232 confundit,
1061 1181 1168 1221 dum
1183 1181 1385 1221 inaniter
1401 1181 1498 1220 lau·
1522 1175 1524 1177 ’

164 1256 257 1296 dat.
317 1254 436 1297 Nam
462 1259 680 1311 quantum
705 1252 1019 1306 unusquisque
1050 1256 1120 1292 est
1143 1252 1190 1291 in
1218 1250 1363 1292 oculis
1389 1252 1495 1301 tuis,

161 1331 339 1367 tantum
358 1330 429 1369 est
446 1331 493 1370 et
508 1338 601 1367 non
621 1323 815 1378 amplius
827 1353 840 1374 ,
869 1322 933 1363 ait
950 1320 1133 1362 humilis
1152 1325 1336 1363 sanctus
1354 1322 1473 1362 Fran
1485 1348 1494 1355 ·

165 1398 328 1438 ciscus.

628 1763 899 1810 CAPUT
950 1763 1046 1807 LI.

232 1878 363 1930 Quod
394 1877 625 1919 humilibus
659 1877 944 1918 insistendam
978 1885 1044 1918 est
1077 1875 1297 1931 operibus,
1333 1888 1428 1915 cum

586 1946 790 2003 deficitur
824 1961 850 1988 a
882 1946 1073 1988 summis.

246 2098 287 2137 1.
318 2079 437 2148 Fili,
455 2108 548 2138 non
563 2095 690 2136 vales
709 2107 891 2148 semper
907 2095 953 2135 in
971 2092 1243 2136 ferventiori
1261 2090 1492 2133 desiderio

165 2173 382 2212 virtutum
407 2176 532 2212 stare
556 2183 643 2212 nec
666 2170 714 2209 in
740 2168 896 2210 altiori
921 2169 1069 2223 gradu
1093 2165 1492 2219 contemplationis

166 2243 436 2293 consistere,
448 2241 531 2283 sed
546 2252 737 2282 neeesse
748 2238 890 2281 habes
908 2239 1136 2281 interdum
1149 2238 1206 2279 ob
1222 2235 1489 2290 originalem
