1530 2517
317 92 580 130 CHRISTI
636 91 746 127 [ΑΒ.
778 92 834 128 11.
868 93 990 129 CAP.
1023 94 1060 129 1.
1080 93 1118 129 2.
1330 90 1382 130 55

61 193 140 230 aut
157 190 470 239 aestimantur,
489 186 564 229 hic
579 200 687 228 vere
707 188 889 242 sapiens
910 194 979 229 est
996 192 1041 229 et
1059 188 1219 230 doctus
1237 189 1384 242 magis

60 273 87 301 a
103 261 221 311 Deo,
242 272 375 315 quam
394 259 448 299 ab
468 257 741 299 hominibus.
804 258 892 308 Qui
911 259 966 299 ab
983 260 1104 300 intra
1128 260 1214 300 scit
1232 259 1385 299 ambu-

59 330 158 372 lare
178 336 223 372 et
237 330 467 371 modicum
487 329 542 370 ab
563 333 693 369 extra
708 341 783 369 res
802 330 1075 382 ponderare,
1088 341 1178 370 non
1193 329 1388 384 requirit

60 400 165 442 loca
180 414 264 442 nec
283 404 518 453 exspectat
531 403 743 452 tempora
762 398 820 438 ad
837 397 1047 440 habenda
1065 399 1232 440 devota
1259 412 1386 441 exer-

62 470 183 511 citia.
242 470 395 511 Homo
428 469 632 509 internus
667 468 757 510 cito
793 481 842 510 se
866 470 1121 524 recolligit,
1150 471 1256 524 quia
1278 483 1387 509 nun-

64 551 198 593 quam
215 551 264 579 se
282 543 428 579 totum
447 539 506 579 ad
532 540 765 580 exteriora
784 537 989 580 effundit.
1049 539 1152 580 Non
1169 540 1239 580 illi
1257 540 1389 580 obest

64 609 196 650 labor
223 609 425 650 exterior
451 614 529 649 aut
555 610 796 663 occupatio
825 609 883 650 ad
907 614 1084 663 tempus
1109 611 1386 660 necessaria,

62 678 144 720 sed
161 679 278 720 sicut
292 692 367 720 res
387 679 621 731 eveniunt,
640 681 707 721 sic
723 693 772 722 se
796 681 888 722 illis
909 680 1238 722 accommodat.
1301 680 1390 729 Qui

60 750 181 790 intus
197 750 314 791 bene
341 749 590 803 dispositus
610 755 680 791 est
698 755 743 792 et
762 751 1020 802 ordinatus,
1046 763 1138 791 non
1164 757 1293 792 curat
1308 751 1389 791 mi-

60 820 232 861 rabiles
245 825 290 861 et
298 832 540 874 perversos
552 819 784 861 hominum
801 825 973 875 gestus.
1035 821 1233 861 Tantum
1250 819 1387 861 homo

61 890 308 944 impeditur
326 894 372 930 et
388 888 669 942 distrahitur,
691 896 906 944 quantum
924 891 1012 931 sibi
1026 904 1102 932 res
1122 887 1323 932 attrahit.

146 960 186 1000 8.
220 959 270 1001 Si
283 964 410 1001 recte
428 961 514 1001 tibi
532 965 655 1001 esset
667 961 837 1002 etbene
849 966 1070 1015 purgatus
1083 974 1223 1012 esses,
1238 962 1390 1002 omnia

62 1029 144 1070 tibi
166 1030 213 1069 in
245 1029 416 1070 bonum
448 1030 665 1071 cederent
697 1035 753 1071 et·
772 1030 1044 1084 profectum.
1102 1031 1213 1072 Ideo
1246 1031 1391 1071 multa

61 1100 145 1141 tibi
171 1100 415 1153 displicent
440 1104 487 1141 et
510 1113 651 1154 saepe
679 1102 972 1153 conturbant,
1008 1102 1116 1156 quia
1134 1100 1283 1142 adhuc
1298 1115 1389 1142 non

63 1184 110 1211 es
128 1170 333 1224 perfecte
349 1171 540 1224 tibiipsi
557 1175 765 1212 mortuus
783 1184 870 1212 nec
886 1176 1158 1226 segregatus
1178 1172 1233 1212 ab
1247 1172 1388 1211 omni-

61 1241 145 1282 bus
162 1241 372 1282 terrenis.
430 1241 509 1282 Nil
534 1242 601 1282 sic
624 1241 825 1284 maculat
851 1246 896 1283 et
918 1242 1124 1296 implicat
1149 1254 1228 1282 cor
1244 1240 1388 1282 homi-

61 1311 130 1351 nis
142 1341 153 1361 ,
172 1311 290 1352 sicut
305 1311 510 1365 impurus
530 1324 659 1352 amor
673 1313 721 1352 in
739 1313 976 1353 creaturis.
1038 1312 1088 1354 Si
1109 1313 1265 1354 renuis
1284 1326 1389 1354 con-

62 1381 205 1421 solari
224 1382 439 1431 exterius,
451 1382 626 1434 poteris
639 1382 868 1435 speculari
882 1382 1104 1424 coelestia
1116 1390 1161 1424 et
1177 1382 1387 1438 frequen-

60 1455 132 1492 ter
144 1450 343 1505 jubilare
361 1453 567 1493 interius.

563 1670 886 1693 ——noeo———

529 1891 789 1938 CAPUT
849 1892 925 1936 ΙΙ.

434 2003 505 2045 De
538 2005 692 2047 humili
721 2005 1018 2047 submissione.

148 2155 187 2195 1.
219 2136 336 2196 Non
359 2154 513 2208 magni
537 2153 733 2207 pendas,
761 2156 860 2209 quis
885 2168 968 2209 pro
994 2160 1040 2196 te
1068 2154 1139 2196 vel
1165 2159 1324 2195 contra
1339 2160 1386 2196 te

62 2227 134 2277 sit,
156 2225 238 2267 sed
256 2224 343 2267 hoc
361 2238 448 2281 age
468 2230 513 2268 et
530 2227 853 2276 cura‚utDeus
871 2231 1021 2268 tecum
1041 2228 1101 2267 sit
1116 2227 1161 2266 in
1181 2227 1303 2267 omni
1318 2240 1384 2276 re,
