1530 2517
154 174 236 204 vm
536 163 742 201 INDEX
770 164 1092 202 LIBRORUM

1371 247 1465 291 Pag.

151 306 246 350 Cap.
266 304 417 339 XVIII.
443 305 550 345 Quod
573 304 801 349 temporales
824 307 998 340 miseriae
1032 306 1209 351 exemplo
1236 308 1373 341 Christi

512 366 782 408 aequanimiter
799 370 885 400 sunt
901 367 1081 402 ferendae
1104 391 1351 402 .....
1402 372 1468 402 112

171 449 181 466 ,
301 422 416 459 XIX.
441 424 500 460 De
527 424 733 459 tolerantia
755 425 979 468 injuriarum
1004 431 1042 461 et
1067 429 1147 472 quis
1173 439 1283 462 verus
1306 438 1374 473 pa-

514 486 613 519 tiens
629 486 808 530 prohetur
864 511 1350 523 .........
1401 492 1464 522 113

170 571 193 588 ,,
317 544 412 580 XX.
439 545 497 579 De
516 545 752 580 confessione
769 547 945 590 propriae
963 547 1194 582 infirmitatis
1212 552 1250 583 et
1263 548 1372 591 hujus

510 606 612 640 vitae
628 606 812 640 miseriis.
861 632 871 641 .
923 632 931 640 .
982 633 990 642 .
1042 633 1051 642 .
1102 634 1111 643 .
1221 634 1231 643 .
1280 635 1288 642 .
1340 635 1348 642 .
1399 613 1463 644 115

168 691 192 708 ,‚
294 665 409 700 XXI.
438 666 545 706 Quod
568 667 609 700 in
625 666 707 700 Deo
732 678 847 711 super
871 668 994 701 omnia
1016 668 1114 702 bona
1137 676 1175 703 et
1193 670 1290 704 dona
1311 681 1371 704 re-

509 727 774 772 quiescendum
791 731 850 760 est
862 753 1348 764 .........
1399 733 1464 764 118

169 812 192 829 ,,
274 786 412 821 XXII.
438 787 497 822 De
528 789 790 821 recordatione
822 786 1087 832 multiplicium
1108 790 1373 824 beneficiorum

509 848 584 882 Dei
624 873 1348 885 .............
1398 854 1462 884 121

168 932 192 949 „
257 907 412 942 XXIII.
439 908 496 943 De
515 911 672 952 quatuor
687 919 859 952 magnam
875 910 1166 954 importantibus
1182 921 1313 955 pacem
1339 937 1346 945 .
1397 915 1460 945 123

167 992 191 1009 ‚‚
258 967 412 1002 XXIV.
438 968 496 1003 De
532 969 736 1004 evitatione
770 970 938 1004 curiosae
971 970 1225 1014 inquisitionis
1258 983 1369 1016 super

510 1027 667 1064 alterius
683 1031 763 1064 vita
801 1056 831 1071 ,γ
860 1056 1346 1068 .........
1397 1035 1462 1066 126

277 1088 410 1123 XXV.
436 1089 481 1123 In
506 1091 638 1133 quibus
660 1092 768 1125 firma
791 1101 873 1136 pax
898 1092 1021 1126 cordis
1048 1095 1087 1126 et
1108 1103 1217 1126 verus
1240 1093 1369 1137 profe-

508 1154 589 1184 ctus
608 1152 781 1185 consistit
798 1177 1345 1189 ..........
1396 1156 1460 1187 127

168 1233 191 1250 ,,
258 1208 410 1244 XXVI.
437 1210 495 1244 De
529 1212 731 1246 eminentia
752 1211 897 1247 liberae
928 1213 1083 1253 mentis,
1117 1224 1225 1256 quam
1250 1214 1370 1248 oratio

512 1270 678 1315 supplex
693 1273 812 1315 magis
830 1276 995 1307 meretur
1012 1283 1121 1318 quam
1136 1272 1251 1308 lectio
1280 1301 1288 1309 .
1338 1300 1348 1310 .
1398 1278 1463 1310 129

167 1354 191 1371 ,‚
239 1328 413 1365 XXVII.
440 1331 546 1370 Quod
562 1332 732 1375 privatus
758 1343 860 1368 amor
884 1345 906 1368 a
930 1345 1069 1369 summo
1087 1335 1183 1369 bono
1207 1335 1370 1370 maxime

506 1392 678 1425 retardat
738 1417 1348 1431 ...........
1397 1399 1463 1430 130

166 1476 189 1492 ‚,
216 1449 408 1486 XXVIII.
438 1451 580 1486 Contra
595 1450 743 1495 linguas
761 1453 1053 1488 obtrectatorum
1099 1480 1346 1491 .....
1396 1460 1462 1491 132

168 1537 189 1552 ,,
253 1510 409 1545 XXIX.
437 1511 610 1551 Qualiter
625 1513 790 1548 instante
809 1513 1050 1549 tribulatione
1069 1516 1172 1549 Deus
1191 1517 1367 1551 invocan-

510 1573 584 1606 dus·
596 1575 655 1606 est
671 1575 710 1607 et
726 1573 1003 1608 benedicendus
1039 1599 1344 1612 ......
1395 1580 1458 1612 133

273 1631 409 1666 XXX.
436 1632 494 1666 De
514 1633 638 1667 divino
655 1635 818 1678 petendo
837 1634 981 1669 auxilio
1000 1638 1039 1670 et
1058 1637 1282 1671 confidentia
1307 1649 1368 1671 re-

507 1694 744 1736 cuperandae
762 1696 905 1737 gratiae
918 1720 1344 1733 ........
1394 1702 1460 1733 134

179 1776 190 1791 ,
254 1750 410 1787 XXXI.
436 1753 495 1786 De
512 1751 686 1795 neglectu
703 1755 820 1789 omnis
839 1760 1042 1798 creaturae,
1060 1761 1101 1791 ut
1119 1761 1264 1796 creator
1275 1769 1366 1803 pos·

509 1813 557 1846 sit
572 1814 735 1848 inveniri
798 1840 1343 1854 ..........
1393 1823 1457 1855 137

164 1897 188 1913 „
232 1872 407 1908 XXXII.
434 1873 492 1908 De
525 1874 772 1917 abnegatione
806 1877 861 1910 sui
901 1879 939 1912 et
979 1878 1216 1913 abdicatione
1250 1880 1366 1913 omnis

508 1935 729 1979 cupiditatis
739 1960 1343 1976 ...........
1394 1943 1457 1975 139

164 2016 189 2034 ,,
210 1991 407 2027 XXXIII.
433 1993 490 2028 De
507 1994 759 2030 instabilitate
778 1998 901 2031 cordis
920 2001 958 2031 et
976 1999 1020 2033 de
1037 2000 1246 2035 intentione
1261 2000 1364 2034 finali

506 2055 555 2088 ad
570 2056 692 2089 Deum
710 2056 881 2091 habenda
915 2085 923 2092 .
974 2086 982 2094 .
1032 2085 1042 2094 .
1093 2086 1102 2095 .
1151 2071 1161 2081 ·
1213 2087 1222 2095 .
1273 2087 1280 2095 .
1332 2087 1340 2095 .
1393 2065 1452 2094 141

164 2137 187 2155 „
214 2113 409 2149 XXXIV.
435 2115 539 2154 Quod
564 2118 704 2150 amanti
728 2119 830 2162 sapit
855 2119 957 2152 Deus
982 2131 1096 2164 super
1119 2123 1242 2155 omnia
1265 2125 1305 2155 et
1326 2123 1366 2155 in

504 2177 672 2210 omnibus
736 2203 1340 2216 ...........
1391 2187 1457 2216 142

164 2245 187 2262 „
239 2219 411 2256 XXXV.
439 2222 544 2261 Quod
568 2234 641 2256 non
666 2226 725 2257 est
748 2226 930 2259 securitas
957 2237 979 2259 a
1002 2228 1209 2262 tentatione
1234 2229 1271 2262 in
1297 2227 1365 2262 hac

503 2283 581 2316 vita
615 2308 1339 2324 .............
1390 2292 1455 2322 144
