1530 2517
127 114 180 155 46
525 115 609 151 DE
638 115 1038 152 IMITATIONE

124 211 260 253 modo
280 225 329 253 se
348 211 532 265 subjicit
554 209 786 252 humiliter
797 211 983 265 judiciis
1007 209 1253 252 hominum.
1314 213 1442 254 Tunc

121 294 335 335 magnam
358 281 573 322 fiduciam
596 280 786 323 habebit
807 293 984 335 pauper
1009 285 1055 322 et
1070 279 1276 332 humilis,
1304 286 1350 323 et
1364 294 1441 336 pa-

120 352 244 392 vebit
259 351 459 405 undique
477 351 714 405 superbus.

200 434 240 474 5.
274 435 404 475 Tunc
427 435 657 476 videbitur
689 436 872 489 sapiens
897 437 944 475 in
969 434 1058 477 hoc
1080 434 1247 476 mundo
1280 434 1439 486 fuisse,

120 504 194 557 qui
226 516 308 556 pro
345 503 527 546 Christo
572 505 733 546 didicit
772 505 935 546 stultus
970 510 1017 547 et
1047 506 1288 559 despectus
1322 518 1439 546 esse.

119 574 249 615 Tunc
272 574 474 628 placebit
506 575 652 615 omnis
683 575 919 616 tribulatio
953 576 1182 629 patienter
1205 587 1438 628 perpessa,

120 648 173 684 et
199 645 374 685 omnis
398 645 678 700 iniquitas
705 645 994 698 oppilabit
1018 658 1076 685 os
1102 658 1269 686 suum.
1311 646 1440 686 Tunc

118 714 340 767 gaudebit
357 716 501 756 omnis
528 715 610 756 dev
618 719 719 756 otus
747 719 793 755 et
807 727 880 756 mo
888 715 1035 756 erebit
1051 716 1195 755 omnis
1211 715 1440 769 irreligio-

120 797 211 824 sus.
273 785 402 826 Tunc
426 786 528 839 plus
563 785 786 826 exultabit
816 797 923 826 caro
951 784 1135 835 afflicta,
1170 797 1303 839 quam
1331 785 1440 825 siin

121 853 298 895 deliciis
317 854 484 897 fuisset
499 868 680 908 semper
695 855 880 896 nutrita.
941 856 1071 896 Tunc
1087 855 1347 908 splendebit
1364 853 1441 894 ha-

118 924 240 965 bitus
271 925 375 966 vilis
410 930 457 966 et
489 925 840 966 obtenebrescet
876 926 1017 966 vestis
1058 925 1252 966 subtilis.
1312 926 1442 965 Tunc
1506 916 1510 921 ยน

117 994 219 1049 plus
243 994 507 1036 laudabitur
529 995 857 1049 pauperculum
882 994 1183 1045 domicilium,
1213 1006 1347 1049 quam
1365 994 1440 1035 de-

120 1069 329 1104 auratum
353 1065 587 1118 palatium.
648 1066 777 1105 Tunc
796 1065 975 1118 juvabit
996 1064 1097 1118 plus
1123 1069 1336 1105 constans
1362 1076 1438 1117 pa-

118 1134 303 1185 tientia,
331 1147 466 1188 quam
485 1135 630 1175 omnis
647 1134 802 1174 mundi
818 1135 1040 1187 potentia.
1102 1135 1231 1175 Tunc
1248 1133 1439 1187 amplius

121 1204 399 1245 exaltabitur
423 1205 616 1258 simplex
641 1205 926 1255 obedientia,
955 1216 1089 1258 quam
1116 1204 1260 1245 omnis
1286 1215 1441 1244 saecu-

119 1274 231 1316 laris
250 1276 434 1316 astutia.

206 1345 246 1386 6.
280 1346 410 1386 Tunc
432 1345 534 1398 plus
560 1345 830 1386 laetificabit
853 1357 969 1399 pura
993 1349 1040 1386 et
1062 1345 1186 1386 bona
1212 1344 1440 1385 conscien-

122 1415 203 1465 tia,
224 1427 359 1469 quam
376 1415 513 1456 docta
528 1414 836 1469 philosophia.
895 1416 1026 1456 Tunc
1048 1415 1149 1469 plus
1173 1413 1448 1468 ponderabit

126 1488 380 1526 contemtus
414 1485 699 1536 divitiarum,
735 1497 869 1539 quam
899 1490 1026 1526 totus
1048 1483 1293 1526 thesaurus
1316 1483 1448 1524 terri-

126 1567 361 1608 genarum.
422 1557 553 1598 Tunc
583 1557 731 1610 magis
765 1555 1079 1596 consolaberis
1111 1567 1250 1608 super
1281 1553 1449 1594 devota

128 1626 361 1676 oratione,
397 1639 532 1680 quam
563 1639 702 1679 super
732 1625 930 1666 delicata
963 1625 1258 1666 comestione.
1319 1624 1448 1663 Tunc

125 1696 278 1747 potius
304 1696 527 1749 gaudebis
555 1695 612 1736 de
639 1699 821 1736 servato
848 1696 1056 1746 silentio,
1083 1707 1217 1749 quam
1236 1694 1291 1734 de
1308 1693 1449 1747 longa

126 1763 429 1806 fabulatione.
490 1767 622 1806 Tunc
635 1765 737 1819 plus
747 1765 964 1806 valebunt
973 1771 1130 1806 sancta
1143 1777 1199 1818 op
1207 1776 1299 1814 era,
1313 1776 1446 1818 quam

127 1834 271 1874 multa
287 1834 478 1888 pulchra
491 1836 646 1876 verba.
708 1836 837 1875 Tunc
852 1834 952 1888 plus
964 1835 1165 1888 placebit
1180 1835 1339 1875 stricta
1353 1834 1448 1874 vita

130 1909 176 1944 et
194 1904 338 1944 ardua
353 1906 652 1958 poenitentia,
667 1917 801 1958 quam
819 1906 963 1946 omnis
984 1905 1229 1946 delectatio
1247 1909 1445 1945 terrena.

127 1974 268 2015 Disce
294 1979 338 2016 te
362 1976 544 2017 nuncin
566 1975 748 2017 modico
766 1975 884 2028 pati,
910 1980 962 2015 ut
983 1980 1091 2016 tunc
1109 1988 1136 2015 a
1160 1974 1447 2029 gravioribus

129 2044 285 2085 valeas
311 2045 515 2086 liberari.
572 2045 663 2085 Hic
685 2045 832 2097 primo
859 2045 1026 2098 proba,
1054 2044 1160 2098 quid
1184 2043 1335 2097 possis
1365 2055 1446 2096 po-

130 2118 245 2155 stea.
306 2114 356 2156 Si
370 2129 489 2156 nunc
503 2119 598 2155 tam
612 2127 774 2169 parum
795 2114 923 2155 vales
942 2114 1189 2164 sustinere,
1216 2113 1445 2167 quomodo

218 2256 249 2287 5.
273 2250 409 2287 Psalm.
426 2256 489 2288 106
506 2253 615 2298 (107),
630 2257 685 2288 42.
