1530 2517
151 115 232 159 '140
548 117 631 154 DE
662 116 1062 154 murArmNE

154 218 357 258 verbum:
391 215 582 256 Dimitte
602 213 768 264 omnia,
788 217 834 255 et
848 213 1052 254 invenies
1073 213 1247 264 omnia3
1262 214 1468 271 relinque

153 285 431 339 cupidinem,
466 289 512 325 et
540 284 746 337 reperies
776 283 997 337 requiem.
1055 283 1162 324 Hoc
1191 289 1341 326 mente
1369 298 1468 338 per-

150 359 311 405 tracta,
333 359 378 395 et
395 367 496 395 cum
511 354 788 407 impleveris,
806 353 1037 407 intelliges
1057 355 1222 394 omnia.

231 426 272 464 2.
303 424 516 474 Domine,
534 422 624 464 hoc
640 436 727 464 non
749 428 820 464 est
837 436 950 476 opus
966 425 1100 464 unius
1119 423 1212 464 diei
1236 436 1321 465 nec
1336 424 1468 466 ludus

147 492 461 547 parvuiorum3
479 495 616 534 immo
636 495 683 534 in
699 492 787 535 hoc
802 493 931 534 brevi
945 493 1193 535 includitur
1210 495 1354 536 omnis
1368 508 1468 549 per·

146 563 287 605 sectio
305 565 646 619 religiosorum.

230 634 269 674 3.
300 634 405 684 Fili,
425 647 517 675 non
534 634 674 675 debes
693 634 838 674 averti
855 647 939 675 nec
956 635 1108 674 statim
1127 633 1283 688 dejici,
1311 635 1467 675 audita

144 704 219 743 via
235 703 560 757 perfectorum,
582 705 665 746 sed
680 705 827 759 magis
849 705 907 745 ad
924 704 1192 746 sublimiora
1207 707 1465 758 provocari,

147 779 192 814 et
209 774 268 814 ad
284 776 431 816 minus
450 775 509 815 ad
524 774 640 816 haec
658 787 714 816 ex
731 774 961 816 desiderio
981 775 1227 828 suspirare.
1284 774 1465 815 Utinam

142 845 211 885 sic
227 849 379 885 tecum
405 849 546 895 esset,
574 849 621 886 et
637 845 696 886 ad
719 844 809 887 hoc
824 846 1135 898 pervenisses,
1161 848 1212 885 ut
1233 845 1301 885 tui
1322 846 1464 898 ipsius
1483 871 1486 878 f

144 918 322 955 amator
338 927 430 956 non
449 928 589 966 esses,
609 914 691 956 sed
709 916 767 956 ad
783 920 941 956 nutum
956 928 1107 956 meum
1122 927 1235 968 pure
1253 919 1400 957 stares
1421 921 1467 956 et

145 985 266 1037 ejus,
286 997 420 1039 quem
436 985 521 1026 tibi
537 986 807 1039 praeposui,
833 985 998 1040 patris!
1059 987 1189 1026 Tunc
1203 984 1312 1025 mihi
1331 986 1463 1027 valde

140 1054 350 1108 placeres
378 1059 424 1096 et
439 1059 539 1096 tota
554 1056 650 1096 vita
664 1060 746 1096 tua
760 1056 807 1096 in
833 1055 1002 1109 gaudio
1031 1059 1076 1096 et
1097 1068 1212 1110 pace
1229 1058 1460 1097 transiret.

140 1123 300 1166 Adhuc
315 1125 459 1165 multa
475 1123 617 1167 habes
643 1125 702 1166 ad
716 1125 1088 1179 relinquendum,
1116 1138 1232 1180 quae
1249 1126 1337 1167 nisi
1353 1125 1464 1167 mihi

144 1206 201 1235 ex
216 1196 396 1249 integ-ro
413 1196 745 1250 resignaveris,
764 1208 856 1236 non
874 1196 1082 1249 acquires
1102 1195 1223 1250 quod
1239 1198 1461 1250 postulas.

143 1264 326 1307 Suadeo
344 1265 426 1306 tibi
448 1277 599 1306 emere
626 1277 653 1305 a
677 1278 750 1307 me
777 1277 936 1306 aurum
951 1266 1166 1320 ignitum,
1190 1270 1243 1307 ut
1256 1266 1463 1321 locuples

141 1335 248 1386 fias,
270 1335 320 1376 id
345 1340 436 1386 est,
461 1335 712 1377 coelestem
729 1337 1001 1390 sapientiam
1021 1337 1173 1377 omnia
1186 1337 1343 1378 infima
1361 1350 1464 1379 con-

144 1405 411 1446 culcantem.
445 1404 921 1460 Postponeterrenam
933 1407 1205 1460 sapientiam
1223 1412 1268 1450 et
1286 1420 1465 1451 omnem

143 1474 388 1516 humanam
406 1481 452 1518 et
465 1478 701 1531 propriam
720 1477 1113 1530 complacentiam.

228 1546 268 1586 4.
299 1547 410 1588 Dixi
433 1547 601 1589 viliora
623 1547 708 1588 tibi
735 1546 927 1588 emenda
941 1559 1025 1600 pro
1045 1547 1262 1600 pretiosis
1290 1552 1335 1588 et
1360 1548 1464 1589 altis

142 1617 189 1657 in
208 1617 345 1657 rebus
362 1614 586 1658 humanis.
624 1617 743 1658 Nam
758 1616 892 1659 valde
909 1614 1012 1658 vilis
1032 1622 1078 1658 et
1091 1629 1234 1671 parva
1251 1629 1304 1659 ac
1319 1630 1465 1672 paene

146 1687 368 1728 oblivioni
383 1688 555 1728 tradita
569 1687 751 1729 videtur
759 1700 870 1728 vera
887 1687 1102 1729 coelestis
1120 1688 1361 1741 sapientia,
1375 1701 1463 1729 non

146 1757 329 1810 sapiens
348 1757 443 1798 alta
460 1757 516 1798 de
534 1770 598 1808 se,
610 1770 696 1799 nec
710 1758 998 1812 magnificari
1015 1770 1239 1812 quaerens
1256 1758 1304 1798 in
1318 1762 1464 1799 terra:

148 1839 284 1882 quam
305 1828 438 1868 multi
464 1833 678 1869 oretenus
696 1828 985 1882 praedicant,
1013 1827 1096 1869 sed
1111 1828 1206 1869 vita
1221 1816 1360 1883 longe
1379 1827 1467 1868 dis-

147 1897 369 1948 sentiunt3
401 1898 504 1951 ipsa
518 1901 672 1939 tamen
698 1902 769 1939 est
783 1898 989 1952 pretiosa
1004 1898 1255 1953 margarita
1272 1909 1300 1938 a
1313 1896 1467 1938 multis

148 1966 431 2008 abscondita.
