1530 2517
185 136 264 176 156
595 134 679 171 DE
710 133 1114 170 ΙΜΙΤΑΤΙΟΝΕ

184 232 391 286 insigniti
415 231 543 285 digni
566 229 792 272 habentur
807 230 903 271 vita
922 234 1125 271 aeterna.
1186 230 1382 270 Tantum
1402 232 1506 272 emi-

182 307 261 343 net
276 300 393 343 haec
409 302 575 356 gratia,
594 306 645 341 ut
660 313 745 341 nec
762 300 931 340 donum
948 298 1234 354 prophetiae,
1252 313 1338 342 nec
1355 302 1506 356 signo-

180 385 281 414 rum
300 372 525 425 operatio,
544 384 630 412 nec
648 370 934 426 quantalibet
950 370 1045 410 alta
1061 370 1315 423 speculatio
1334 371 1525 426 aliqui&

181 442 482 482 aestimentur
506 441 605 481 sine
633 452 702 481 ea.
764 439 857 482 Sed
880 453 1031 495 neque
1054 440 1191 491 fides,
1217 454 1366 496 neque
1384 455 1505 496 spes,

180 524 329 566 neque
357 511 477 552 aliae
503 511 694 551 virtutes
711 510 795 552 tibi
821 515 1039 565 acceptae
1066 516 1171 552 sunt
1195 512 1292 553 sine
1314 513 1525 556 caritate¹

182 589 227 622 et
243 582 408 636 gratia.

262 651 302 692 5.
338 652 375 693 Ο
404 651 676 692 beatissima
707 651 881 705 gratia,
918 663 1036 705 quae
1062 663 1313 704 pauperem
1343 653 1525 707 spiritui

178 722 421 763 virtutibus
441 720 628 762 divitem
644 720 782 764 facis!
819 725 865 762 et
882 720 1069 763 divitem
1085 722 1240 763 multis
1256 722 1406 773 bonis,
1427 721 1524 765 hu·>

179 792 334 833 milem
360 791 500 834 corde
525 791 698 833 reddis.
757 792 899 843 Veni,
926 791 1156 834 descende
1183 792 1241 834 ad
1257 805 1353 843 me,
1378 793 1527 847 reple·

177 875 250 904 me
268 875 401 903 mane
420 862 740 904 consolatione
757 866 852 913 tua,
870 875 927 904 ne
947 862 1132 904 deficiat
1146 875 1259 916 prae
1276 857 1507 904 lassitudi-

179 945 236 974 ne
264 940 310 976 et
328 932 545 973 ariditate
561 933 727 974 mentis
746 933 899 974 anima
914 946 1033 975 mea.
1095 934 1298 975 Obsecro
1311 964 1322 985 ,
1348 934 1506 976 Domi-

177 1015 233 1045 ne
245 1033 257 1053 ‚
283 1007 334 1043 ut
353 1002 584 1043 inveniam
602 1000 800 1056 gratiam
817 1003 864 1043 in
883 1004 1029 1045 oculis
1046 1005 1161 1056 tuis;
1192 1004 1362 1046 sufficit
1388 1005 1525 1045 enim.

174 1072 288 1114 mihi
311 1074 465 1127 gratia
480 1078 582 1124 tua,
613 1074 778 1115 ceteris
810 1086 902 1114 non
937 1075 1158 1126 obtentis,
1187 1087 1304 1129 quae
1326 1074 1505 1116 deside-

174 1148 249 1185 rat
271 1148 450 1185 natura.
513 1142 564 1186 Si
580 1141 713 1184 fuero
740 1148 942 1185 tentatus
970 1149 1016 1185 et
1039 1152 1229 1186 vexatus
1246 1144 1506 1186 tribulatio·

175 1215 307 1256 nibus
333 1214 513 1265 multis,
538 1225 631 1253 non
653 1213 826 1254 timebo
853 1214 998 1265 mala,
1034 1214 1140 1255 dum
1163 1227 1341 1256 mecum
1366 1213 1523 1256 fuerit:

175 1286 329 1340 gratia
343 1289 438 1326 tua.
497 1285 604 1338 Ipsa
619 1282 845 1325 fortitudo
863 1297 990 1335 mea,
1015 1286 1117 1339 ipsa
1142 1285 1383 1326 consilium
1401 1297 1507 1327 con-

175 1357 269 1397 fert
294 1360 340 1397 et
365 1355 601 1396 auxilium.
664 1355 848 1397 Cunctis
876 1352 1084 1396 hostibus
1107 1356 1342 1410 potentior
1366 1359 1438 1398 est
1463 1360 1523 1398 et!

178 1427 435 1481 sapientior
450 1426 676 1467 universis
695 1425 996 1479 sapientibus.
1055 1461 1058 1464 .

261 1497 301 1539 6.
333 1497 563 1551 Magistra
582 1501 652 1538 est
667 1496 899 1546 veritatis,
928 1496 1110 1537 doctrix
1127 1496 1423 1550 disciplinae,
1442 1496 1508 1538 lu-

178 1580 282 1609 men
308 1566 484 1618 cordis,
510 1567 719 1608 solamen
743 1578 1012 1620 pressurae,
1044 1566 1250 1620 fugatrix
1271 1567 1506 1617 tristitiae,

181 1638 380 1679 ablatrix
394 1637 591 1688 timoris,
609 1637 764 1677 nutrix
781 1636 1057 1687 devotionis,
1071 1636 1341 1690 productrix
1357 1636 1508 1691 lacry-

179 1720 371 1749 marum.
433 1707 555 1758 Quid
581 1720 681 1748 sum
705 1708 804 1747 sine
830 1719 908 1757 ea,
941 1707 1031 1747 nisi
1058 1706 1235 1747 aridum
1260 1707 1434 1761 lignum
1464 1712 1523 1748 et=

180 1780 323 1832 stipes
340 1778 517 1819 inutilis
537 1779 595 1820 ad
614 1775 916 1833 ejiciendum&
976 1778 1079 1832 Tua
1098 1789 1208 1831 ergo
1227 1789 1323 1828 me,
1349 1777 1508 1818 Domi-

180 1862 255 1900 ne,
274 1849 426 1903 gratia
443 1862 623 1903 semper
643 1854 689 1890 et
703 1848 972 1903 praeveniat
989 1853 1035 1889 et
1052 1852 1284 1902 sequatur,
1304 1859 1358 1887 ac
1373 1847 1523 1887 bonis*

182 1920 399 1973 operibus
421 1920 597 1973 jugiter
620 1923 826 1973 praestet
858 1930 959 1959 esse
984 1918 1221 1968 intentum,
1250 1930 1333 1972 per
1348 1917 1521 1960 Jesum·

181 1989 426 2042 Christum,
447 1989 597 2031 filium
615 1994 757 2031 tuum.
797 1990 952 2032 Amen.

678 2206 1002 2227 Mona-*—
