1530 2517
150 110 203 149 88
562 109 644 146 DE
675 92 1077 146 IMITATIONE

618 321 877 404 CAPUT
937 358 1008 402 V.

378 470 449 513 De
483 471 678 513 mirabili
709 470 871 525 effectu
904 471 1040 513 divini
1070 472 1247 512 amoris.

231 619 272 659 1.
303 601 544 661 Benedico
579 623 648 670 te,
682 622 814 672 pater
846 619 1084 670 melestis,
1124 624 1255 672 pater
1285 618 1471 658 Domini

147 690 238 730 mei
260 690 371 731 Jesu
398 688 588 741 Christi,
617 688 842 745 quia‘mei-
861 692 1076 744 pauperis
1101 690 1312 744 dignatus
1337 704 1383 732 es
1400 703 1471 730 re-

148 759 345 801 eordari.
408 760 445 801 Ο
479 765 613 814 pater
634 750 1063 801 'misericordiarum
1097 764 1142 801 et
1171 761 1299 802 Deus
1329 762 1471 802 totius

148 830 503 882 consolationis,
537 832 712 886 gratias
744 831 848 880 tibi,
884 830 960 885 qui
991 843 1063 871 me
1088 830 1325 886 indignum
1351 832 1494 887 omni

147 900 466 941 consolatione
501 901 775 956 quandoque
809 904 890 940 tua
919 912 1104 941 recreas
1137 902 1469 943 consolatione.

145 969 378 1011 Benedico
405 975 451 1011 te
478 983 661 1025 semper
687 975 733 1011 et
748 970 958 1024 glorifico
988 983 1087 1011 cum
1111 972 1347 1026 unigenito
1370 970 1478 1012 filio>

146 1047 225 1080 tuo
257 1045 303 1081 et
319 1041 483 1094 spiritu
510 1045 668 1081 sancto
687 1040 958 1092 Paracleto,
985 1040 1030 1080 in
1056 1041 1243 1082 saecula
1267 1042 1474 1083 saeculo-

145 1123 260 1151 rum.
320 1111 407 1151 Eia
430 1111 631 1152 Domine
656 1111 807 1168 Deus,
835 1114 1015 1150 amator
1031 1115 1187 1151 sancte
1204 1124 1353 1163 meus,
1375 1125 1473 1153 cum

144 1188 195 1222 tu
221 1182 400 1223 veneris
425 1182 471 1222 in
493 1193 573 1222 cor
588 1194 738 1221 meum
759 1179 1052 1221 exsultabunt
1077 1181 1229 1221 omnia
1252 1182 1475 1223 interiora

146 1264 263 1293 mea.
326 1253 398 1292 Tu
417 1264 464 1292 es
485 1252 637 1306 gloria
653 1263 757 1291 mea
784 1255 830 1290 et
849 1250 1094 1290 exsultatio
1116 1251 1267 1292 cordis
1284 1253 1393 1302 mei3
1426 1257 1475 1292 tu

146 1334 251 1376 spes
269 1334 373 1362 mea
392 1326 437 1362 et
451 1320 683 1376 refugium
701 1333 852 1375 meum
865 1320 913 1359 in
924 1319 997 1360 die
1007 1320 1318 1362 tribulationis
1328 1334 1473 1363 meae.

231 1394 270 1432 2.
305 1391 397 1434 Sed
416 1392 523 1447 quia
544 1389 692 1431 adhuc
710 1390 874 1431 debilis
892 1403 991 1430 sum
1008 1390 1054 1430 in
1073 1402 1230 1432 amore
1243 1396 1296 1433 et
1310 1387 1475 1446 imper-

144 1462 294 1504 fectus
311 1463 357 1503 in
373 1463 541 1503 virtute
554 1493 565 1513 ,
592 1461 703 1503 ideo.
726 1474 918 1503 necesse
936 1459 1084 1502 habeo
1114 1474 1140 1501 a
1156 1466 1202 1503 te
1222 1461 1475 1504 confortari

146 1537 192 1573 et
209 1533 456 1574 consolari.
510 1532 767 1586 Propterea
784 1532 920 1573 visita
936 1545 1009 1573 me
1028 1532 1226 1586 saepius,
1241 1537 1286 1573 et
1301 1533 1473 1574 instrue

145 1602 400 1656 disciplinis
419 1602 605 1643 sanctis.
666 1602 840 1643 Libera
863 1614 936 1642 me
966 1614 992 1641 a
1016 1602 1307 1656 passionibus
1324 1603 1472 1654 malis,

146 1677 191 1712 et
215 1684 328 1712 sana
354 1684 434 1713 cor
458 1684 609 1712 meum
636 1672 691 1714 ab
721 1672 929 1713 omnibus
957 1670 1277 1713 affec-tionibus
1300 1673 1470 1713 inordi-

141 1741 277 1792 natis,
296 1747 346 1781 ut
361 1742 481 1782 intus
501 1746 687 1782 sanatus
712 1746 758 1782 et
772 1742 890 1783 bene
907 1747 1128 1797 purgatus
1148 1748 1279 1796 aptus
1299 1743 1472 1784 efficiar

143 1811 200 1851 ad
229 1810 493 1863 amandum,
520 1810 656 1853 fortis
684 1812 741 1852 ad
766 1812 1052 1866 patiendum,
1082 1811 1259 1853 stabilis
1282 1812 1344 1852 ad
1369 1825 1469 1865 per-

142 1881 460 1928 sever-andum,

225 1951 264 1992 3.
296 1953 469 2006 Magna
484 1964 559 1994 res
580 1957 650 1994 est
666 1965 796 1994 amor
811 1956 1077 2008 etmagnum
1090 1953 1272 1993 omnino
1282 1951 1467 2003 bonum,

145 2022 268 2075 quod
285 2022 435 2063 solum
451 2022 552 2063 leve
570 2022 683 2064 facit
696 2036 834 2064 omne
861 2035 1107 2064 onerosum
1134 2025 1180 2063 et
1195 2022 1287 2063 fert
1305 2034 1470 2076 aequa-

143 2091 250 2132 liter
277 2104 408 2133 omne
433 2093 701 2147 inaequale:
753 2093 871 2134 Nam
899 2105 1012 2134 onus
1036 2094 1133 2134 sine
1159 2104 1298 2133 onere
1316 2097 1472 2146 portat

144 2167 190 2201 et
222 2174 354 2203 omne
389 2162 593 2202 amaruih
627 2162 758 2204 dulce
793 2176 846 2203 ac
879 2162 1086 2216 sapidum
1120 2162 1273 2203 effic-it.
1332 2163 1471 2202 Amor

143 2230 252 2270 Jesu
271 2232 438 2272 nobilis
459 2232 516 2272 ad
534 2243 701 2286 magna
728 2233 963 2286 operanda
978 2232 1194 2286 impellit,
1216 2237 1261 2272 et
1279 2231 1334 2272 ad
1354 2232 1468 2273 desi·
