1530 2517
295 111 557 149 CHRISTI
613 113 724 149 [ΛΒ.
756 113 824 149 111.
858 115 978 151 CAP.
1012 117 1076 151 23.
1257 115 1336 155 125

16 207 160 249 malas
184 207 381 259 bestias,
410 209 804 262 concupiscentias
824 209 925 251 dico
944 209 1265 264 illecebrosas,
1291 218 1342 254 ut

15 277 127 319 fiat
155 290 262 332 pax
291 278 344 319 in
377 279 593 320 virtute
624 283 741 331 tua,
781 284 835 321 et
868 281 1215 323 abundantia
1245 283 1342 324 lau-

17 347 86 389 dis
102 352 211 390 tuac
226 352 416 390 resonet
430 348 477 389 in
495 349 603 390 aula
619 354 779 391 sancta
796 349 885 392 hoc
910 352 1041 392 estin
1061 353 1344 394 conscientia

17 429 146 471 pura.
204 419 386 472 Impera
415 420 564 461 ventis
605 425 652 462 et
680 422 1053 474 tempestatibus;
1095 422 1168 463 dic
1204 424 1341 464 mari:

17 489 224 542 quiesce,
247 493 294 530 et
311 489 537 544 aquiloni:
570 503 628 532 ne
647 489 846 542 flaveris,
869 496 914 533 et
932 492 1019 534 erit
1034 493 1344 547 tranquillitas

18 571 199 614 magna.

102 629 142 671 9.
173 631 383 672 Emitte
422 631 604 673 lucem
641 636 791 672 tuam
833 636 887 673 et
921 646 945 672 v
961 633 1247 684 critatem,
1296 639 1347 675 ut

18 699 202 741 luceant
219 714 356 755 super
367 706 558 742 terram:
579 702 686 757 quia
703 706 828 744 terra
845 715 944 743 sum
960 703 1109 744 inanis
1129 708 1174 744 et
1183 716 1344 755 vacua,

20 770 168 811 donec
183 770 413 812 illumines
430 785 518 814 me.
577 770 774 814 Effunde
793 773 991 826 gratiam
1009 772 1226 826 desuper3
1244 786 1346 827 per-

17 839 157 882 funde
186 853 266 882 cor
289 853 440 882 meum
463 854 570 884 rore
603 841 817 893 coelesti3
849 844 1059 884 ministra
1084 842 1345 884 devotionis

18 923 161 965 aquas
180 911 239 952 ad
254 911 536 966 irrigandam
554 910 723 954 faciem
738 918 906 964 terrae,
927 912 985 953 ad
1001 912 1346 966 producendum

18 979 216 1022 fructum
231 981 403 1022 bonum
420 986 466 1022 et
483 983 717 1036 optimum.
762 983 908 1024 Eleva
922 987 1121 1025 mentem
1137 997 1346 1038 pressam

18 1051 140 1091 mole
163 1056 458 1104 peccatorum
484 1057 531 1093 et
555 1052 614 1093 ad
640 1053 865 1095 coelestia
888 1058 1037 1094 totum
1065 1053 1345 1095 desiderium

19 1133 168 1162 meum
186 1122 436 1176 suspende,
461 1127 513 1162 ut
536 1129 723 1177 gustata
747 1125 974 1165 suavitate
999 1136 1226 1178 supernae
1243 1123 1345 1166 feli-

22 1192 174 1232 citatis
190 1192 350 1246 pigeat
366 1192 422 1234 de
437 1195 635 1235 terrenis
655 1197 878 1250 cogitare.

103 1263 172 1302 10.
205 1262 332 1316 Rape
349 1275 422 1304 me
448 1268 495 1305 et
519 1265 645 1318 eripe
664 1265 720 1306 ab
747 1266 871 1306 omni
888 1270 1202 1307 creaturarum
1217 1265 1347 1306 indu»

18 1331 158 1373 rabili
174 1332 514 1385 consolatione,
542 1335 650 1389 quia
672 1335 800 1376 nulla
821 1349 898 1378 res
922 1339 1078 1377 creata
1096 1336 1349 1389 appetitum

20 1414 171 1444 meum
196 1402 320 1443 valet
341 1402 548 1456 plenarie
573 1405 781 1460 quietare
816 1414 862 1447 et
893 1405 1139 1448 consolari·
1198 1405 1347 1460 Junge

20 1485 94 1514 me
125 1472 211 1514 tibi
247 1473 545 1526 inseparabili
584 1475 845 1517 dilectionis
876 1476 1057 1517 vinculo
1069 1505 1083 1527 ,
1131 1477 1346 1531 quoniam

19 1547 71 1583 tu
112 1542 239 1584 solus
271 1543 442 1584 sufficis
477 1546 649 1586 amanti
683 1550 729 1587 et
760 1546 933 1600 absque
965 1551 1012 1587 te
1044 1545 1213 1588 frivola
1244 1553 1349 1587 sunt

20 1625 247 1655 umversa.

114 1755 146 1785 s.
173 1751 317 1787 Psalm.
336 1755 402 1788 121
423 1752 542 1799 (122),
559 1756 593 1789 τ.
617 1774 666 1782 -
713 1758 749 1791 9.
773 1755 919 1792 Psalm.
939 1761 984 1792 42
1004 1757 1099 1802 (43),
1116 1760 1151 1791 3.
