<?xml version="1.0" encoding="UTF-8"?>
<!DOCTYPE html PUBLIC "-//W3C//DTD XHTML 1.0 Transitional//EN"
    "http://www.w3.org/TR/xhtml1/DTD/xhtml1-transitional.dtd">
<html xmlns="http://www.w3.org/1999/xhtml" xml:lang="en" lang="en">
 <head>
  <title>
</title>
<meta http-equiv="Content-Type" content="text/html;charset=utf-8" />
  <meta name='ocr-system' content='tesseract 3.04.00' />
  <meta name='ocr-capabilities' content='ocr_page ocr_carea ocr_par ocr_line ocrx_word'/>
</head>
<body>
  <div class='ocr_page' id='page_1' title='image "./thomaekempisde00thom_0059.png"; bbox 0 0 1530 2517; ppageno 0'>
   <div class='ocr_carea' id='block_1_1' title="bbox 357 117 1388 158">
    <p class='ocr_par' dir='ltr' id='par_1_1' title="bbox 357 117 1388 158">
     <span class='ocr_line' id='line_1_1' title="bbox 357 117 1388 158; baseline 0.002 -2"><span class='ocrx_word' id='word_1_1' title='bbox 357 118 619 156; x_wconf 76' lang='lat' dir='ltr'><strong>CHRISTI</strong></span> <span class='ocrx_word' id='word_1_2' title='bbox 674 118 783 154; x_wconf 65' lang='grc' dir='ltr'><strong><em>[ΑΒ.</em></strong></span> <span class='ocrx_word' id='word_1_3' title='bbox 815 119 846 155; x_wconf 93' lang='grc' dir='ltr'>Ι.</span> <span class='ocrx_word' id='word_1_4' title='bbox 881 120 1003 156; x_wconf 78' lang='lat' dir='ltr'><strong>CAP.</strong></span> <span class='ocrx_word' id='word_1_5' title='bbox 1036 120 1101 156; x_wconf 87' lang='lat'>23.</span> <span class='ocrx_word' id='word_1_6' title='bbox 1336 117 1388 158; x_wconf 81' lang='lat'>43</span> 
     </span>
    </p>
   </div>
   <div class='ocr_carea' id='block_1_2' title="bbox 59 212 1391 1323">
    <p class='ocr_par' dir='ltr' id='par_1_2' title="bbox 59 212 1390 678">
     <span class='ocr_line' id='line_1_2' title="bbox 68 212 1388 265; baseline -0.003 -6"><span class='ocrx_word' id='word_1_7' title='bbox 68 217 210 260; x_wconf 80' lang='lat' dir='ltr'>Stude</span> <span class='ocrx_word' id='word_1_8' title='bbox 234 229 352 258; x_wconf 89' lang='lat' dir='ltr'>nunc</span> <span class='ocrx_word' id='word_1_9' title='bbox 374 215 530 256; x_wconf 87' lang='lat' dir='ltr'>taliter</span> <span class='ocrx_word' id='word_1_10' title='bbox 560 215 737 265; x_wconf 83' lang='lat' dir='ltr'>vivere,</span> <span class='ocrx_word' id='word_1_11' title='bbox 761 218 813 255; x_wconf 93' lang='lat' dir='ltr'>ut</span> <span class='ocrx_word' id='word_1_12' title='bbox 834 214 881 255; x_wconf 89' lang='lat' dir='ltr'>in</span> <span class='ocrx_word' id='word_1_13' title='bbox 905 212 1021 256; x_wconf 92' lang='lat' dir='ltr'>hora</span> <span class='ocrx_word' id='word_1_14' title='bbox 1046 214 1206 255; x_wconf 83' lang='lat' dir='ltr'>mortis</span> <span class='ocrx_word' id='word_1_15' title='bbox 1231 214 1388 256; x_wconf 74' lang='lat' dir='ltr'>valeas</span> 
     </span>
     <span class='ocr_line' id='line_1_3' title="bbox 67 284 1389 341; baseline -0.002 -13"><span class='ocrx_word' id='word_1_16' title='bbox 67 287 218 340; x_wconf 83' lang='lat' dir='ltr'>potius</span> <span class='ocrx_word' id='word_1_17' title='bbox 258 285 483 341; x_wconf 85' lang='lat' dir='ltr'>gaudere,</span> <span class='ocrx_word' id='word_1_18' title='bbox 526 296 660 339; x_wconf 88' lang='lat' dir='ltr'>quam</span> <span class='ocrx_word' id='word_1_19' title='bbox 698 284 876 326; x_wconf 89' lang='lat' dir='ltr'>timere.</span> <span class='ocrx_word' id='word_1_20' title='bbox 949 285 1090 326; x_wconf 81' lang='lat' dir='ltr'>Disce</span> <span class='ocrx_word' id='word_1_21' title='bbox 1121 297 1240 325; x_wconf 89' lang='lat' dir='ltr'>nunc</span> <span class='ocrx_word' id='word_1_22' title='bbox 1269 286 1389 325; x_wconf 88' lang='lat' dir='ltr'>mori</span> 
     </span>
     <span class='ocr_line' id='line_1_4' title="bbox 65 353 1387 408; baseline -0.001 -12"><span class='ocrx_word' id='word_1_23' title='bbox 65 356 231 397; x_wconf 88' lang='lat' dir='ltr'>mundo</span> <span class='ocrx_word' id='word_1_24' title='bbox 245 387 256 407; x_wconf 93' lang='lat'>,</span> <span class='ocrx_word' id='word_1_25' title='bbox 274 361 325 397; x_wconf 90' lang='lat' dir='ltr'>ut</span> <span class='ocrx_word' id='word_1_26' title='bbox 346 360 454 397; x_wconf 90' lang='lat' dir='ltr'>tunc</span> <span class='ocrx_word' id='word_1_27' title='bbox 476 355 669 408; x_wconf 83' lang='lat' dir='ltr'>incipias</span> <span class='ocrx_word' id='word_1_28' title='bbox 694 355 849 396; x_wconf 85' lang='lat' dir='ltr'>vivere</span> <span class='ocrx_word' id='word_1_29' title='bbox 869 367 970 396; x_wconf 90' lang='lat' dir='ltr'>cum</span> <span class='ocrx_word' id='word_1_30' title='bbox 988 353 1186 396; x_wconf 85' lang='lat' dir='ltr'>Christo.</span> <span class='ocrx_word' id='word_1_31' title='bbox 1245 354 1387 396; x_wconf 80' lang='lat' dir='ltr'>Disce</span> 
     </span>
     <span class='ocr_line' id='line_1_5' title="bbox 59 424 1388 478; baseline -0.002 -11"><span class='ocrx_word' id='word_1_32' title='bbox 59 439 179 467; x_wconf 89' lang='lat' dir='ltr'>nunc</span> <span class='ocrx_word' id='word_1_33' title='bbox 211 427 363 468; x_wconf 87' lang='lat' dir='ltr'>omnia</span> <span class='ocrx_word' id='word_1_34' title='bbox 395 430 710 475; x_wconf 76' lang='lat' dir='ltr'>contemnere,</span> <span class='ocrx_word' id='word_1_35' title='bbox 749 429 802 465; x_wconf 90' lang='lat' dir='ltr'>ut</span> <span class='ocrx_word' id='word_1_36' title='bbox 830 429 939 466; x_wconf 83' lang='lat' dir='ltr'>tunc</span> <span class='ocrx_word' id='word_1_37' title='bbox 968 425 1119 478; x_wconf 88' lang='lat' dir='ltr'>possis</span> <span class='ocrx_word' id='word_1_38' title='bbox 1151 425 1296 465; x_wconf 85' lang='lat' dir='ltr'>libere</span> <span class='ocrx_word' id='word_1_39' title='bbox 1329 424 1388 464; x_wconf 85' lang='lat' dir='ltr'>ad</span> 
     </span>
     <span class='ocr_line' id='line_1_6' title="bbox 63 495 1390 551; baseline -0.002 -13"><span class='ocrx_word' id='word_1_40' title='bbox 63 495 291 539; x_wconf 83' lang='lat' dir='ltr'>Christum</span> <span class='ocrx_word' id='word_1_41' title='bbox 316 509 525 551; x_wconf 77' lang='lat' dir='ltr'>pergere.</span> <span class='ocrx_word' id='word_1_42' title='bbox 587 496 776 549; x_wconf 85' lang='lat' dir='ltr'>Castiga</span> <span class='ocrx_word' id='word_1_43' title='bbox 807 507 926 536; x_wconf 90' lang='lat' dir='ltr'>nunc</span> <span class='ocrx_word' id='word_1_44' title='bbox 959 506 1124 548; x_wconf 82' lang='lat' dir='ltr'>corpus</span> <span class='ocrx_word' id='word_1_45' title='bbox 1159 500 1283 534; x_wconf 89' lang='lat' dir='ltr'>tuum</span> <span class='ocrx_word' id='word_1_46' title='bbox 1306 506 1390 547; x_wconf 88' lang='lat' dir='ltr'>per</span> 
     </span>
     <span class='ocr_line' id='line_1_7' title="bbox 62 562 1387 621; baseline -0.003 -13"><span class='ocrx_word' id='word_1_47' title='bbox 62 567 405 621; x_wconf 83' lang='lat' dir='ltr'>poenitentiam,</span> <span class='ocrx_word' id='word_1_48' title='bbox 422 573 474 608; x_wconf 87' lang='lat' dir='ltr'>ut</span> <span class='ocrx_word' id='word_1_49' title='bbox 488 571 596 608; x_wconf 89' lang='lat' dir='ltr'>tunc</span> <span class='ocrx_word' id='word_1_50' title='bbox 614 570 785 607; x_wconf 81' lang='lat' dir='ltr'>certam</span> <span class='ocrx_word' id='word_1_51' title='bbox 795 564 951 606; x_wconf 87' lang='lat' dir='ltr'>valeas</span> <span class='ocrx_word' id='word_1_52' title='bbox 970 562 1140 606; x_wconf 86' lang='lat' dir='ltr'>habere</span> <span class='ocrx_word' id='word_1_53' title='bbox 1160 564 1387 606; x_wconf 86' lang='lat' dir='ltr'>confiden-</span> 
     </span>
     <span class='ocr_line' id='line_1_8' title="bbox 61 638 187 678; baseline -0.008 0"><span class='ocrx_word' id='word_1_54' title='bbox 61 638 187 678; x_wconf 85' lang='lat' dir='ltr'>tiam.</span> 
     </span>
    </p>

    <p class='ocr_par' dir='ltr' id='par_1_3' title="bbox 62 704 1391 1323">
     <span class='ocr_line' id='line_1_9' title="bbox 143 704 1388 761; baseline -0.002 -13"><span class='ocrx_word' id='word_1_55' title='bbox 143 709 184 747; x_wconf 86' lang='lat'>7.</span> <span class='ocrx_word' id='word_1_56' title='bbox 216 705 283 748; x_wconf 90' lang='lat' dir='ltr'>Ah</span> <span class='ocrx_word' id='word_1_57' title='bbox 309 707 460 758; x_wconf 86' lang='lat' dir='ltr'>stulte,</span> <span class='ocrx_word' id='word_1_58' title='bbox 496 706 604 761; x_wconf 83' lang='lat' dir='ltr'>quid</span> <span class='ocrx_word' id='word_1_59' title='bbox 633 706 808 760; x_wconf 79' lang='lat' dir='ltr'>cogitas</span> <span class='ocrx_word' id='word_1_60' title='bbox 833 709 878 746; x_wconf 87' lang='lat' dir='ltr'>te</span> <span class='ocrx_word' id='word_1_61' title='bbox 906 705 984 745; x_wconf 89' lang='lat' dir='ltr'>diu</span> <span class='ocrx_word' id='word_1_62' title='bbox 1006 704 1252 755; x_wconf 85' lang='lat' dir='ltr'>victurum,</span> <span class='ocrx_word' id='word_1_63' title='bbox 1287 718 1388 745; x_wconf 89' lang='lat' dir='ltr'>cum</span> 
     </span>
     <span class='ocr_line' id='line_1_10' title="bbox 64 773 1388 829; baseline -0.001 -12"><span class='ocrx_word' id='word_1_64' title='bbox 64 776 236 817; x_wconf 88' lang='lat' dir='ltr'>nullum</span> <span class='ocrx_word' id='word_1_65' title='bbox 268 777 388 820; x_wconf 75' lang='lat' dir='ltr'>diem</span> <span class='ocrx_word' id='word_1_66' title='bbox 413 776 584 819; x_wconf 84' lang='lat' dir='ltr'>habeas</span> <span class='ocrx_word' id='word_1_67' title='bbox 610 773 847 818; x_wconf 62' lang='lat' dir='ltr'>securum‘}</span> <span class='ocrx_word' id='word_1_68' title='bbox 881 775 1028 825; x_wconf 77' lang='lat' dir='ltr'>Quam</span> <span class='ocrx_word' id='word_1_69' title='bbox 1052 775 1184 816; x_wconf 83' lang='lat' dir='ltr'>multi</span> <span class='ocrx_word' id='word_1_70' title='bbox 1208 775 1388 829; x_wconf 80' lang='lat' dir='ltr'>decepti</span> 
     </span>
     <span class='ocr_line' id='line_1_11' title="bbox 66 843 1387 902; baseline -0.002 -14"><span class='ocrx_word' id='word_1_71' title='bbox 66 852 170 888; x_wconf 88' lang='lat' dir='ltr'>sunt</span> <span class='ocrx_word' id='word_1_72' title='bbox 217 853 263 889; x_wconf 86' lang='lat' dir='ltr'>et</span> <span class='ocrx_word' id='word_1_73' title='bbox 306 848 538 902; x_wconf 73' lang='lat' dir='ltr'>insperate</span> <span class='ocrx_word' id='word_1_74' title='bbox 580 846 636 887; x_wconf 86' lang='lat' dir='ltr'>de</span> <span class='ocrx_word' id='word_1_75' title='bbox 678 858 872 899; x_wconf 88' lang='lat' dir='ltr'>corpore</span> <span class='ocrx_word' id='word_1_76' title='bbox 916 843 1136 887; x_wconf 48' lang='lat' dir='ltr'>extracti&amp;</span> <span class='ocrx_word' id='word_1_77' title='bbox 1196 846 1387 895; x_wconf 76' lang='lat' dir='ltr'>Quoties</span> 
     </span>
     <span class='ocr_line' id='line_1_12' title="bbox 65 914 1388 970; baseline -0.002 -12"><span class='ocrx_word' id='word_1_78' title='bbox 65 917 235 958; x_wconf 89' lang='lat' dir='ltr'>audisti</span> <span class='ocrx_word' id='word_1_79' title='bbox 251 930 278 957; x_wconf 89' lang='lat' dir='ltr'>a</span> <span class='ocrx_word' id='word_1_80' title='bbox 295 917 564 967; x_wconf 85' lang='lat' dir='ltr'>dicentibus,</span> <span class='ocrx_word' id='word_1_81' title='bbox 585 916 691 970; x_wconf 87' lang='lat' dir='ltr'>quia</span> <span class='ocrx_word' id='word_1_82' title='bbox 707 915 787 956; x_wconf 84' lang='lat' dir='ltr'>ille</span> <span class='ocrx_word' id='word_1_83' title='bbox 805 915 962 970; x_wconf 85' lang='lat' dir='ltr'>gladio</span> <span class='ocrx_word' id='word_1_84' title='bbox 983 914 1170 966; x_wconf 83' lang='lat' dir='ltr'>cecidit,</span> <span class='ocrx_word' id='word_1_85' title='bbox 1187 916 1267 956; x_wconf 91' lang='lat' dir='ltr'>ille</span> <span class='ocrx_word' id='word_1_86' title='bbox 1286 917 1388 956; x_wconf 86' lang='lat' dir='ltr'>sub-</span> 
     </span>
     <span class='ocr_line' id='line_1_13' title="bbox 62 983 1388 1039; baseline -0.001 -13"><span class='ocrx_word' id='word_1_87' title='bbox 62 999 239 1028; x_wconf 88' lang='lat' dir='ltr'>mersus</span> <span class='ocrx_word' id='word_1_88' title='bbox 267 991 357 1038; x_wconf 90' lang='lat' dir='ltr'>est,</span> <span class='ocrx_word' id='word_1_89' title='bbox 389 986 468 1027; x_wconf 91' lang='lat' dir='ltr'>ille</span> <span class='ocrx_word' id='word_1_90' title='bbox 497 986 552 1026; x_wconf 86' lang='lat' dir='ltr'>ab</span> <span class='ocrx_word' id='word_1_91' title='bbox 579 985 672 1026; x_wconf 85' lang='lat' dir='ltr'>alto</span> <span class='ocrx_word' id='word_1_92' title='bbox 698 997 836 1026; x_wconf 82' lang='lat' dir='ltr'>ruens</span> <span class='ocrx_word' id='word_1_93' title='bbox 865 986 1089 1026; x_wconf 89' lang='lat' dir='ltr'>cervicem</span> <span class='ocrx_word' id='word_1_94' title='bbox 1112 983 1275 1039; x_wconf 86' lang='lat' dir='ltr'>fregit,</span> <span class='ocrx_word' id='word_1_95' title='bbox 1307 985 1388 1026; x_wconf 86' lang='lat' dir='ltr'>ille</span> 
     </span>
     <span class='ocr_line' id='line_1_14' title="bbox 63 1052 1390 1110; baseline -0.002 -13"><span class='ocrx_word' id='word_1_96' title='bbox 63 1057 379 1098; x_wconf 83' lang='lat' dir='ltr'>manducando</span> <span class='ocrx_word' id='word_1_97' title='bbox 402 1056 613 1110; x_wconf 84' lang='lat' dir='ltr'>obriguit,</span> <span class='ocrx_word' id='word_1_98' title='bbox 632 1055 711 1097; x_wconf 90' lang='lat' dir='ltr'>ille</span> <span class='ocrx_word' id='word_1_99' title='bbox 728 1055 929 1096; x_wconf 83' lang='lat' dir='ltr'>ludendo</span> <span class='ocrx_word' id='word_1_100' title='bbox 948 1056 1085 1097; x_wconf 86' lang='lat' dir='ltr'>finem</span> <span class='ocrx_word' id='word_1_101' title='bbox 1101 1052 1239 1096; x_wconf 62' lang='lat' dir='ltr'>fecitZ</span> <span class='ocrx_word' id='word_1_102' title='bbox 1262 1054 1390 1095; x_wconf 87' lang='lat' dir='ltr'>Alius</span> 
     </span>
     <span class='ocr_line' id='line_1_15' title="bbox 62 1124 1390 1182; baseline -0.002 -14"><span class='ocrx_word' id='word_1_103' title='bbox 62 1128 185 1182; x_wconf 87' lang='lat' dir='ltr'>igne,</span> <span class='ocrx_word' id='word_1_104' title='bbox 205 1128 321 1169; x_wconf 88' lang='lat' dir='ltr'>alius</span> <span class='ocrx_word' id='word_1_105' title='bbox 338 1126 479 1177; x_wconf 88' lang='lat' dir='ltr'>ferro,</span> <span class='ocrx_word' id='word_1_106' title='bbox 500 1124 615 1166; x_wconf 85' lang='lat' dir='ltr'>alius</span> <span class='ocrx_word' id='word_1_107' title='bbox 632 1129 777 1179; x_wconf 86' lang='lat' dir='ltr'>peste,</span> <span class='ocrx_word' id='word_1_108' title='bbox 797 1126 914 1167; x_wconf 87' lang='lat' dir='ltr'>alius</span> <span class='ocrx_word' id='word_1_109' title='bbox 931 1125 1174 1167; x_wconf 88' lang='lat' dir='ltr'>latrocinio</span> <span class='ocrx_word' id='word_1_110' title='bbox 1192 1125 1390 1175; x_wconf 84' lang='lat' dir='ltr'>interiit3</span> 
     </span>
     <span class='ocr_line' id='line_1_16' title="bbox 67 1193 1391 1247; baseline -0.002 -9"><span class='ocrx_word' id='word_1_111' title='bbox 67 1205 113 1239; x_wconf 89' lang='lat' dir='ltr'>et</span> <span class='ocrx_word' id='word_1_112' title='bbox 137 1198 204 1238; x_wconf 88' lang='lat' dir='ltr'>sic</span> <span class='ocrx_word' id='word_1_113' title='bbox 229 1197 430 1237; x_wconf 89' lang='lat' dir='ltr'>omnium</span> <span class='ocrx_word' id='word_1_114' title='bbox 456 1197 558 1236; x_wconf 88' lang='lat' dir='ltr'>finis</span> <span class='ocrx_word' id='word_1_115' title='bbox 583 1209 707 1236; x_wconf 89' lang='lat' dir='ltr'>mors</span> <span class='ocrx_word' id='word_1_116' title='bbox 735 1199 827 1247; x_wconf 88' lang='lat' dir='ltr'>est,</span> <span class='ocrx_word' id='word_1_117' title='bbox 855 1200 902 1238; x_wconf 87' lang='lat' dir='ltr'>et</span> <span class='ocrx_word' id='word_1_118' title='bbox 922 1197 1018 1238; x_wconf 79' lang='lat' dir='ltr'>vita</span> <span class='ocrx_word' id='word_1_119' title='bbox 1042 1193 1278 1237; x_wconf 78' lang='lat' dir='ltr'>hominum</span> <span class='ocrx_word' id='word_1_120' title='bbox 1294 1199 1391 1236; x_wconf 85' lang='lat' dir='ltr'>tan-</span> 
     </span>
     <span class='ocr_line' id='line_1_17' title="bbox 67 1267 826 1323; baseline -0.003 -14"><span class='ocrx_word' id='word_1_121' title='bbox 67 1280 202 1323; x_wconf 85' lang='lat' dir='ltr'>quam</span> <span class='ocrx_word' id='word_1_122' title='bbox 218 1268 379 1308; x_wconf 82' lang='lat' dir='ltr'>umbra</span> <span class='ocrx_word' id='word_1_123' title='bbox 395 1267 544 1309; x_wconf 87' lang='lat' dir='ltr'>subito</span> <span class='ocrx_word' id='word_1_124' title='bbox 563 1267 826 1320; x_wconf 81' lang='lat' dir='ltr'>pertransit.</span> 
     </span>
    </p>
   </div>
   <div class='ocr_carea' id='block_1_3' title="bbox 71 1350 1400 2180">
    <p class='ocr_par' dir='ltr' id='par_1_4' title="bbox 71 1350 1400 2026">
     <span class='ocr_line' id='line_1_18' title="bbox 149 1350 1394 1405; baseline -0.002 -12"><span class='ocrx_word' id='word_1_125' title='bbox 149 1353 190 1393; x_wconf 89' lang='grc'>8.</span> <span class='ocrx_word' id='word_1_126' title='bbox 226 1352 337 1402; x_wconf 79' lang='lat' dir='ltr'>Quis</span> <span class='ocrx_word' id='word_1_127' title='bbox 367 1351 698 1392; x_wconf 82' lang='lat' dir='ltr'>memorabitur</span> <span class='ocrx_word' id='word_1_128' title='bbox 727 1351 796 1391; x_wconf 90' lang='lat' dir='ltr'>tui</span> <span class='ocrx_word' id='word_1_129' title='bbox 826 1355 934 1404; x_wconf 87' lang='lat' dir='ltr'>post</span> <span class='ocrx_word' id='word_1_130' title='bbox 962 1350 1184 1394; x_wconf 59' lang='lat' dir='ltr'>mortem‘}</span> <span class='ocrx_word' id='word_1_131' title='bbox 1218 1355 1264 1393; x_wconf 92' lang='lat' dir='ltr'>et</span> <span class='ocrx_word' id='word_1_132' title='bbox 1295 1351 1394 1405; x_wconf 87' lang='lat' dir='ltr'>quis</span> 
     </span>
     <span class='ocr_line' id='line_1_19' title="bbox 72 1420 1398 1477; baseline -0.002 -14"><span class='ocrx_word' id='word_1_133' title='bbox 72 1423 223 1463; x_wconf 88' lang='lat' dir='ltr'>orabit</span> <span class='ocrx_word' id='word_1_134' title='bbox 245 1435 328 1476; x_wconf 90' lang='lat' dir='ltr'>pro</span> <span class='ocrx_word' id='word_1_135' title='bbox 353 1420 428 1463; x_wconf 62' lang='lat' dir='ltr'>te&#39;}</span> <span class='ocrx_word' id='word_1_136' title='bbox 458 1423 580 1477; x_wconf 86' lang='lat' dir='ltr'>Age,</span> <span class='ocrx_word' id='word_1_137' title='bbox 609 1434 695 1476; x_wconf 86' lang='lat' dir='ltr'>age</span> <span class='ocrx_word' id='word_1_138' title='bbox 721 1434 863 1472; x_wconf 91' lang='lat' dir='ltr'>nunc,</span> <span class='ocrx_word' id='word_1_139' title='bbox 892 1423 1149 1473; x_wconf 86' lang='lat' dir='ltr'>carissime,</span> <span class='ocrx_word' id='word_1_140' title='bbox 1178 1420 1398 1476; x_wconf 87' lang='lat' dir='ltr'>quidquid</span> 
     </span>
     <span class='ocr_line' id='line_1_20' title="bbox 71 1491 1398 1547; baseline -0.002 -15"><span class='ocrx_word' id='word_1_141' title='bbox 71 1504 211 1546; x_wconf 85' lang='lat' dir='ltr'>agere</span> <span class='ocrx_word' id='word_1_142' title='bbox 243 1498 400 1546; x_wconf 90' lang='lat' dir='ltr'>potes,</span> <span class='ocrx_word' id='word_1_143' title='bbox 444 1493 550 1547; x_wconf 87' lang='lat' dir='ltr'>quia</span> <span class='ocrx_word' id='word_1_144' title='bbox 580 1493 730 1533; x_wconf 89' lang='lat' dir='ltr'>nescis</span> <span class='ocrx_word' id='word_1_145' title='bbox 764 1492 946 1546; x_wconf 86' lang='lat' dir='ltr'>quando</span> <span class='ocrx_word' id='word_1_146' title='bbox 978 1492 1215 1542; x_wconf 84' lang='lat' dir='ltr'>morieris,</span> <span class='ocrx_word' id='word_1_147' title='bbox 1248 1491 1398 1532; x_wconf 87' lang='lat' dir='ltr'>nescis</span> 
     </span>
     <span class='ocr_line' id='line_1_21' title="bbox 73 1562 1398 1617; baseline 0 -15"><span class='ocrx_word' id='word_1_148' title='bbox 73 1562 211 1603; x_wconf 88' lang='lat' dir='ltr'>etiam</span> <span class='ocrx_word' id='word_1_149' title='bbox 229 1563 337 1617; x_wconf 85' lang='lat' dir='ltr'>quid</span> <span class='ocrx_word' id='word_1_150' title='bbox 351 1564 437 1604; x_wconf 88' lang='lat' dir='ltr'>tibi</span> <span class='ocrx_word' id='word_1_151' title='bbox 452 1567 559 1616; x_wconf 89' lang='lat' dir='ltr'>post</span> <span class='ocrx_word' id='word_1_152' title='bbox 573 1566 768 1603; x_wconf 88' lang='lat' dir='ltr'>mortem</span> <span class='ocrx_word' id='word_1_153' title='bbox 793 1567 1023 1616; x_wconf 89' lang='lat' dir='ltr'>sequetur.</span> <span class='ocrx_word' id='word_1_154' title='bbox 1082 1563 1205 1603; x_wconf 90' lang='lat' dir='ltr'>Dum</span> <span class='ocrx_word' id='word_1_155' title='bbox 1219 1566 1398 1615; x_wconf 86' lang='lat' dir='ltr'>tempus</span> 
     </span>
     <span class='ocr_line' id='line_1_22' title="bbox 72 1621 1400 1689; baseline -0.002 -15"><span class='ocrx_word' id='word_1_156' title='bbox 72 1632 238 1685; x_wconf 89' lang='lat' dir='ltr'>habes,</span> <span class='ocrx_word' id='word_1_157' title='bbox 265 1621 499 1689; x_wconf 85' lang='lat' dir='ltr'>congrega</span> <span class='ocrx_word' id='word_1_158' title='bbox 521 1633 608 1674; x_wconf 85' lang='lat' dir='ltr'>tibi</span> <span class='ocrx_word' id='word_1_159' title='bbox 633 1632 816 1673; x_wconf 86' lang='lat' dir='ltr'>divitias</span> <span class='ocrx_word' id='word_1_160' title='bbox 847 1633 1148 1674; x_wconf 87' lang='lat' dir='ltr'>immortales.</span> <span class='ocrx_word' id='word_1_161' title='bbox 1207 1632 1400 1673; x_wconf 85' lang='lat' dir='ltr'>Praeter</span> 
     </span>
     <span class='ocr_line' id='line_1_23' title="bbox 74 1703 1397 1758; baseline -0.002 -14"><span class='ocrx_word' id='word_1_162' title='bbox 74 1703 268 1745; x_wconf 86' lang='lat' dir='ltr'>salutem</span> <span class='ocrx_word' id='word_1_163' title='bbox 292 1708 440 1756; x_wconf 86' lang='lat' dir='ltr'>tuam,</span> <span class='ocrx_word' id='word_1_164' title='bbox 471 1703 588 1745; x_wconf 88' lang='lat' dir='ltr'>nihil</span> <span class='ocrx_word' id='word_1_165' title='bbox 613 1703 813 1757; x_wconf 86' lang='lat' dir='ltr'>cogites;</span> <span class='ocrx_word' id='word_1_166' title='bbox 846 1703 995 1744; x_wconf 91' lang='lat' dir='ltr'>solum</span> <span class='ocrx_word' id='word_1_167' title='bbox 1021 1715 1137 1758; x_wconf 84' lang='lat' dir='ltr'>quae</span> <span class='ocrx_word' id='word_1_168' title='bbox 1163 1703 1254 1744; x_wconf 93' lang='lat' dir='ltr'>Dei</span> <span class='ocrx_word' id='word_1_169' title='bbox 1279 1707 1397 1752; x_wconf 84' lang='lat' dir='ltr'>sunt,</span> 
     </span>
     <span class='ocr_line' id='line_1_24' title="bbox 75 1773 1400 1824; baseline -0.002 -9"><span class='ocrx_word' id='word_1_170' title='bbox 75 1787 222 1815; x_wconf 89' lang='lat' dir='ltr'>cures.</span> <span class='ocrx_word' id='word_1_171' title='bbox 279 1775 391 1817; x_wconf 86' lang='lat' dir='ltr'>Fac</span> <span class='ocrx_word' id='word_1_172' title='bbox 419 1788 563 1816; x_wconf 90' lang='lat' dir='ltr'>nunc</span> <span class='ocrx_word' id='word_1_173' title='bbox 591 1774 702 1815; x_wconf 84' lang='lat' dir='ltr'>tibi</span> <span class='ocrx_word' id='word_1_174' title='bbox 742 1773 974 1824; x_wconf 86' lang='lat' dir='ltr'>amicos,</span> <span class='ocrx_word' id='word_1_175' title='bbox 1013 1773 1275 1815; x_wconf 86' lang='lat' dir='ltr'>venerando</span> <span class='ocrx_word' id='word_1_176' title='bbox 1308 1773 1400 1814; x_wconf 90' lang='lat' dir='ltr'>Dei</span> 
     </span>
     <span class='ocr_line' id='line_1_25' title="bbox 76 1842 1400 1894; baseline -0.002 -8"><span class='ocrx_word' id='word_1_177' title='bbox 76 1844 269 1886; x_wconf 86' lang='lat' dir='ltr'>Sanctos</span> <span class='ocrx_word' id='word_1_178' title='bbox 295 1849 342 1886; x_wconf 84' lang='lat' dir='ltr'>et</span> <span class='ocrx_word' id='word_1_179' title='bbox 365 1857 524 1887; x_wconf 90' lang='lat' dir='ltr'>eorum</span> <span class='ocrx_word' id='word_1_180' title='bbox 557 1849 684 1885; x_wconf 85' lang='lat' dir='ltr'>actus</span> <span class='ocrx_word' id='word_1_181' title='bbox 708 1843 955 1894; x_wconf 87' lang='lat' dir='ltr'>imitando,</span> <span class='ocrx_word' id='word_1_182' title='bbox 994 1849 1054 1884; x_wconf 89' lang='lat' dir='ltr'>ut</span> <span class='ocrx_word' id='word_1_183' title='bbox 1096 1857 1212 1886; x_wconf 89' lang='lat' dir='ltr'>cum</span> <span class='ocrx_word' id='word_1_184' title='bbox 1251 1842 1400 1884; x_wconf 82' lang='lat' dir='ltr'>defe-</span> 
     </span>
     <span class='ocr_line' id='line_1_26' title="bbox 77 1912 1400 1968; baseline -0.002 -13"><span class='ocrx_word' id='word_1_185' title='bbox 77 1915 225 1955; x_wconf 87' lang='lat' dir='ltr'>ceris</span> <span class='ocrx_word' id='word_1_186' title='bbox 248 1912 523 1965; x_wconf 85' lang='lat' dir='ltr'>inhacvita,</span> <span class='ocrx_word' id='word_1_187' title='bbox 549 1914 642 1955; x_wconf 89' lang='lat' dir='ltr'>illi</span> <span class='ocrx_word' id='word_1_188' title='bbox 671 1919 726 1956; x_wconf 86' lang='lat' dir='ltr'>te</span> <span class='ocrx_word' id='word_1_189' title='bbox 755 1914 1049 1968; x_wconf 89' lang='lat' dir='ltr'>recipiant</span> <span class='ocrx_word' id='word_1_190' title='bbox 1078 1915 1134 1955; x_wconf 91' lang='lat' dir='ltr'>in</span> <span class='ocrx_word' id='word_1_191' title='bbox 1167 1918 1400 1955; x_wconf 87' lang='lat' dir='ltr'>aeterna</span> 
     </span>
     <span class='ocr_line' id='line_1_27' title="bbox 75 1985 462 2026; baseline 0.003 -1"><span class='ocrx_word' id='word_1_192' title='bbox 75 1985 462 2026; x_wconf 84' lang='lat' dir='ltr'>tabernacula.</span> 
     </span>
    </p>

    <p class='ocr_par' dir='ltr' id='par_1_5' title="bbox 79 2053 1398 2180">
     <span class='ocr_line' id='line_1_28' title="bbox 157 2053 1398 2110; baseline -0.002 -14"><span class='ocrx_word' id='word_1_193' title='bbox 157 2054 201 2096; x_wconf 80' lang='lat'>9.</span> <span class='ocrx_word' id='word_1_194' title='bbox 233 2054 378 2097; x_wconf 88' lang='lat' dir='ltr'>Serva</span> <span class='ocrx_word' id='word_1_195' title='bbox 416 2060 461 2097; x_wconf 89' lang='lat' dir='ltr'>te</span> <span class='ocrx_word' id='word_1_196' title='bbox 501 2060 717 2110; x_wconf 86' lang='lat' dir='ltr'>tanquam</span> <span class='ocrx_word' id='word_1_197' title='bbox 755 2055 1048 2110; x_wconf 86' lang='lat' dir='ltr'>peregrinum</span> <span class='ocrx_word' id='word_1_198' title='bbox 1089 2059 1136 2096; x_wconf 89' lang='lat' dir='ltr'>et</span> <span class='ocrx_word' id='word_1_199' title='bbox 1171 2053 1398 2108; x_wconf 88' lang='lat' dir='ltr'>hospitem</span> 
     </span>
     <span class='ocr_line' id='line_1_29' title="bbox 79 2124 1398 2180; baseline 0.001 -15"><span class='ocrx_word' id='word_1_200' title='bbox 79 2137 216 2178; x_wconf 89' lang='lat' dir='ltr'>super</span> <span class='ocrx_word' id='word_1_201' title='bbox 238 2130 431 2176; x_wconf 86' lang='lat' dir='ltr'>terram,</span> <span class='ocrx_word' id='word_1_202' title='bbox 466 2125 525 2166; x_wconf 87' lang='lat' dir='ltr'>ad</span> <span class='ocrx_word' id='word_1_203' title='bbox 558 2139 690 2180; x_wconf 89' lang='lat' dir='ltr'>quem</span> <span class='ocrx_word' id='word_1_204' title='bbox 714 2124 829 2167; x_wconf 86' lang='lat' dir='ltr'>nihil</span> <span class='ocrx_word' id='word_1_205' title='bbox 853 2129 1031 2179; x_wconf 87' lang='lat' dir='ltr'>spectat</span> <span class='ocrx_word' id='word_1_206' title='bbox 1055 2124 1112 2167; x_wconf 88' lang='lat' dir='ltr'>de</span> <span class='ocrx_word' id='word_1_207' title='bbox 1135 2124 1292 2166; x_wconf 86' lang='lat' dir='ltr'>mundi</span> <span class='ocrx_word' id='word_1_208' title='bbox 1321 2137 1398 2166; x_wconf 87' lang='lat' dir='ltr'>ne-</span> 
     </span>
    </p>
   </div>
   <div class='ocr_carea' id='block_1_4' title="bbox 166 2261 426 2304">
    <p class='ocr_par' dir='ltr' id='par_1_6' title="bbox 166 2261 426 2304">
     <span class='ocr_line' id='line_1_30' title="bbox 166 2261 426 2304; baseline 0 -7"><span class='ocrx_word' id='word_1_209' title='bbox 166 2266 199 2297; x_wconf 86' lang='lat'>8.</span> <span class='ocrx_word' id='word_1_210' title='bbox 223 2261 310 2298; x_wconf 87' lang='lat' dir='ltr'>Luc.</span> <span class='ocrx_word' id='word_1_211' title='bbox 329 2266 380 2304; x_wconf 84' lang='lat'>16,</span> <span class='ocrx_word' id='word_1_212' title='bbox 395 2268 426 2300; x_wconf 83' lang='lat'>9.</span> 
     </span>
    </p>
   </div>
  </div>
 </body>
</html>
