1530 2517
280 119 544 156 CHRISTI
600 120 709 156 LIB.
740 120 810 156 111.
843 121 965 156 CAP.
997 121 1147 156 1213.
1298 121 1379 160 105

53 216 119 255 tui
136 216 280 269 ipsius
300 219 590 267 contemtum,
615 216 654 256 si
673 217 738 257 vis
756 216 1025 270 praevalere
1045 217 1263 258 adversus
1283 230 1384 259 εἰη-.

54 299 155 327 nem
185 293 230 327 et
253 286 537 340 sanguinem.
600 286 719 336 Quia
737 284 886 327 adhuc
902 287 1035 327 nimis
1052 287 1314 329 inordinate
1331 293 1378 329 te

54 354 232 410 diligis,
267 355 374 397 ideo
407 356 540 410 plene
572 362 618 399 te
649 357 889 410 resignare
924 357 1120 398 aliorum
1150 357 1377 398 voluntati

50 424 268 478 trepidas.

133 496 174 535 2.
208 493 300 537 Sed
319 494 427 551 quid
444 508 681 551 magnum,
709 497 749 538 si
765 502 837 548 tu,
865 498 941 552 qui
959 496 1106 550 pulvis
1134 510 1182 538 es
1203 501 1248 539 et
1263 495 1376 537 nihil

50 569 240 619 propter
253 566 405 607 Deum
428 573 474 609 te
500 567 674 609 homini
698 567 878 618 subdis,
906 567 1087 621 quando
1116 578 1203 622 ego
1233 568 1374 608 omni-

49 640 213 690 potens
233 642 278 678 et
296 638 566 689 altissimus,
592 639 667 693 qui
686 644 847 679 cuncta
866 640 1019 680 creavi
1038 650 1094 679 ex
1109 636 1251 680 nihilo
1264 668 1276 689 ,
1301 650 1373 678 me

51 703 224 747 homini
249 712 439 762 propter
469 713 516 749 te
550 707 784 750 humiliter
814 707 1016 763 subjeci?
1073 709 1243 749 Factus
1276 721 1374 749 sum

51 777 251 817 omnium
276 776 553 820 humillimus
582 785 627 820 et
649 779 853 830 infimus,
887 784 938 819 ut
960 783 1087 819 tuam
1112 779 1374 832 superbiam

49 858 154 887 mea
170 845 426 891 humilitate
442 850 664 892 vinceres.
697 850 836 892 Disce
857 850 1191 903 obtemperare,
1209 849 1372 903 pulvis.

50 916 191 959 Disce
209 923 254 959 te
273 916 528 971 humiliare,
540 925 665 961 terra
683 925 729 961 et
745 920 894 971 limus,
915 925 962 961 et
977 920 1060 961 sub
1081 921 1281 961 omnium
1296 932 1374 974 pe-

52 986 184 1029 dibus
207 989 462 1031 incurvare.
520 991 662 1032 Disce
688 990 948 1032 voluntates
965 996 1070 1032 tuas
1087 990 1303 1045 frangere
1331 994 1377 1032 et

53 1057 110 1098 ad
129 1070 308 1100 omnem
325 1061 655 1114 subJectionem
672 1065 718 1102 te
737 1060 862 1102 dare.

136 1128 175 1170 3.
206 1129 469 1172 Exardesce
495 1136 656 1173 contra
679 1135 749 1182 te,
776 1144 860 1172 nec
879 1131 1070 1185 patiaris
1087 1135 1314 1172 tumorem
1331 1132 1377 1171 in

51 1203 96 1239 te
121 1200 299 1251 vivere,
325 1201 408 1242 sed
431 1202 499 1242 ita
523 1202 777 1256 subJectum
804 1206 850 1242 et
864 1202 1103 1256 parvulum
1127 1206 1172 1242 te
1197 1200 1375 1252 exhibe,

52 1273 103 1309 ut
129 1281 286 1311 omnes
312 1283 449 1324 super
471 1276 517 1312 te
544 1271 778 1313 ambulare
803 1272 983 1326 possint
1015 1277 1062 1313 et
1092 1273 1210 1313 sicut
1233 1272 1377 1312 lutum

52 1338 310 1392 platearum
342 1341 627 1382 conculcare.
690 1342 810 1392 Quid
842 1340 1008 1393 habes,
1043 1341 1180 1383 homo
1212 1342 1377 1393 inanis,

54 1408 298 1463 conqueri?
360 1411 503 1462 Quid,
530 1411 717 1453 sordide
734 1418 972 1466 peccator,
997 1418 1130 1466 potes
1150 1412 1377 1454 contradi-

52 1492 157 1521 cere
184 1481 565 1534 exprobrantibus
589 1482 695 1532 tibi,
723 1483 800 1536 qui
815 1483 955 1524 toties
972 1483 1123 1524 Deum
1141 1481 1374 1524 offendisti

51 1554 97 1590 et
125 1548 354 1591 infernum
385 1551 621 1593 multoties
652 1551 888 1594 meruisti‘t
948 1552 1039 1594 Sed
1063 1554 1269 1606 pepercit
1291 1554 1377 1594 tibi

52 1619 211 1661 oculus
228 1634 379 1672 meus,
408 1622 514 1675 quia
531 1623 736 1675 pretiosa
753 1622 843 1664 fuit
859 1623 1011 1663 anima
1026 1628 1106 1663 tua
1122 1625 1170 1663 in
1188 1636 1376 1676 conspe-

49 1695 125 1730 ctu
141 1702 261 1742 meo,
279 1696 331 1732 ut
349 1704 654 1746 cognosceres
673 1692 967 1735 dilectionem
984 1706 1132 1734 meam
1155 1699 1199 1735 et
1215 1699 1374 1748 gratus

48 1772 230 1813 semper
244 1760 480 1803 beneficiis
497 1764 611 1804 meis
631 1764 873 1814 existeres,
894 1769 939 1804 et
954 1769 1004 1804 ut
1023 1763 1081 1804 ad
1097 1776 1254 1804 veram
1271 1764 1374 1804 sub-

43 1831 293 1883 jectionem
321 1836 366 1873 et
389 1830 693 1875 humilitatem
715 1838 761 1874 te
774 1835 949 1888 jugiter
974 1834 1108 1876 dares
1125 1835 1371 1889 patienter-

50 1913 136 1954 que
154 1902 388 1955 proprium
408 1908 683 1944 contemtum
701 1903 863 1945 ferres.
