1530 2517
599 125 681 161 DE
713 126 1112 162 IMITATIONE

192 126 214 163 M

221 126 242 163 Ν

248 126 273 163 0

632 366 900 412 CAPUT
960 367 1061 410 IX.

196 477 325 529 Quod
355 492 432 518 nos
468 486 511 519 et
543 480 690 521 onmia
723 487 875 520 nostra
907 478 1004 520 Deo
1038 481 1233 520 dehemus
1268 480 1431 536 offerre
1464 489 1521 522 εἰ

595 564 681 604 pro
717 550 912 590 omnibus
948 564 1092 591 orare.

574 687 706 737 Vox
753 686 1127 739 DisCIPULl.

270 836 309 875 1.
341 819 568 885 Domine,
590 836 741 875 omnia
757 839 836 875 tua
853 841 970 886 sunt,
991 847 1106 889 quae
1123 836 1170 876 in
1188 836 1318 877 coelo
1337 840 1441 877 sunt
1458 840 1503 876 et

188 913 365 965 quaein
383 917 521 952 terra.
553 910 782 951 Desidero
801 922 873 950 me
889 910 1036 963 ipsum
1046 910 1130 950 tibi
1146 911 1192 950 in
1203 915 1501 964 spontaneam

187 982 467 1022 oblationem
486 979 654 1021 offerre
675 985 720 1020 et
735 985 838 1020 tuus
853 984 1073 1033 perpetuo
1084 992 1369 1033 permanere.
1406 980 1501 1020 Do-

184 1053 319 1101 mine,
345 1052 391 1091 in
409 1050 700 1103 simplicitate
719 1049 870 1090 cordis
888 1051 976 1090 mei
997 1048 1144 1090 offero
1162 1062 1235 1090 me
1251 1050 1398 1102 ipsum
1415 1049 1499 1089 tibi
1529 1077 1530 1081 ,

185 1120 323 1162 hodie
339 1121 383 1160 in
404 1133 582 1162 servum
603 1121 997 1174 sempiternum,in
1017 1120 1284 1175 obsequium
1305 1123 1351 1160 et
1366 1119 1409 1158 in
1429 1131 1498 1159 sa-

187 1192 405 1232 crificium
443 1190 593 1231 laudis
624 1194 889 1243 perpetuae.
950 1189 1139 1243 Suscipe
1170 1202 1243 1230 me
1276 1202 1377 1230 cum
1414 1187 1500 1229 hac
1520 1185 1524 1240 ἦ

187 1265 344 1301 sancta
363 1260 597 1301 oblatione
613 1262 681 1301 tui
697 1260 890 1314 pretiosi
908 1260 1112 1313 corporis
1125 1290 1135 1309 ‚
1165 1272 1298 1313 quam
1318 1259 1400 1299 tibi
1420 1257 1499 1299 ho-
1519 1286 1522 1287 ν

186 1331 259 1371 die
291 1332 335 1371 in
369 1332 633 1383 praesentia
655 1330 934 1385 Angelorum
964 1329 1257 1370 invisibiliter
1288 1329 1500 1369 assisten-
1522 1340 1525 1387 t

185 1402 296 1440 tium
316 1399 544 1451 offero,ut
560 1400 619 1440 sit
634 1412 717 1453 pro
735 1412 808 1440 me
828 1404 873 1440 et
889 1411 971 1453 pro
991 1404 1152 1440 cuncto
1170 1399 1339 1452 populo
1358 1404 1436 1439 tuo
1455 1399 1501 1438 in
1524 1395 1525 1401 ’

187 1471 394 1511 salutem.

269 1541 309 1579 2,
341 1540 555 1590 Domine,
576 1538 724 1580 offero
743 1540 828 1580 tibi
861 1540 1014 1580 omnia
1038 1544 1231 1592 peccata
1263 1544 1309 1579 et
1335 1538 1502 1578 delicta

184 1621 309 1661 mea,
338 1621 453 1663 quae
473 1610 681 1650 commisi
706 1622 860 1650 coram
878 1614 922 1650 te
946 1614 991 1649 et
1014 1610 1183 1650 sanctis
1200 1608 1385 1662 Angelis
1412 1609 1501 1647 tuis

188 1690 213 1717 a
232 1679 328 1729 die,
356 1691 444 1733 quo
463 1680 656 1732 primum
679 1692 873 1732 peccare
897 1681 1049 1732 potui,
1075 1691 1218 1732 usque
1253 1678 1311 1717 ad
1342 1676 1501 1718 horam

187 1747 316 1798 hanc,
343 1761 480 1801 super
494 1749 711 1801 placabili
734 1749 869 1788 altari
895 1753 990 1798 tuo,
1015 1753 1066 1788 ut
1086 1753 1136 1788 tu
1163 1748 1315 1788 omnia
1330 1748 1503 1800 pariter

185 1818 402 1859 incendas
436 1823 481 1858 et
513 1819 752 1858 comburas
778 1819 884 1871 igne
914 1818 1119 1859 caritatis
1144 1806 1321 1858 tuaeet
1346 1816 1501 1857 deleas

185 1889 421 1928 universas
437 1887 640 1928 maculas
658 1893 950 1940 peccatorum
967 1900 1187 1937 meorum,
1208 1891 1253 1928 et
1270 1887 1500 1927 conscien-

183 1959 296 1997 tiam
312 1969 459 1998 meam
480 1958 534 1997 ab
554 1959 675 1997 omni
687 1956 853 1998 delicto
869 1957 1084 1998 emundes
1097 1963 1142 1998 et
1155 1957 1372 1997 restituas
1390 1954 1499 1995 mihi

182 2027 378 2080 gratiam
395 2031 533 2077 tuam,
547 2039 679 2081 quam
697 2026 929 2080 peccando
950 2028 1095 2077 amisi,
1111 2027 1263 2067 omnia
1279 2024 1386 2066 mihi
1405 2025 1499 2077 ple-

181 2110 237 2137 ne
254 2097 532 2150 indulgendo
561 2101 605 2137 et
619 2097 666 2136 in
686 2097 888 2137 osculum
907 2098 1031 2150 pacis
1048 2109 1120 2137 me
1137 2094 1496 2136 misericorditer

184 2166 471 2207 assumendo.

265 2237 304 2277 3.
339 2237 457 2286 Quid
478 2249 659 2289 possum
680 2247 817 2289 agere
835 2249 917 2289 pro
936 2237 1134 2289 peccatis
1153 2236 1288 2284 meis,
1309 2235 1394 2274 nisi
1415 2233 1495 2273 hu-

1526 2357 1530 2386 1
