1530 2517
199 104 281 146 206
600 106 682 143 DE
711 107 1109 145 IMITATIONE

201 203 280 244 des
298 203 383 244 tibi
399 215 480 257 pro
500 200 570 244 his
590 202 832 245 debentur!
893 203 930 245 Ο
950 216 1084 258 quam
1107 204 1308 246 salutare
1335 210 1382 247 et
1400 206 1510 247 utile

201 273 439 315 consilium
463 277 613 324 tuum,
640 286 740 315 cum
755 274 878 314 istud
893 273 1151 316 instituisti!
1212 274 1357 325 Quam
1374 271 1521 317 suave*

201 349 246 385 et
257 343 506 397 jucundum
524 344 791 395 convivium,
804 357 904 386 cum
920 349 966 386 te
982 345 1130 398 ipsum
1145 345 1192 385 in
1209 345 1357 387 cibum
1375 333 1521 414 dona}¹

198 412 278 454 sti!
313 414 350 455 Ο
371 425 506 468 quam
523 413 803 455 admirabilis
823 415 1030 468 operatio
1048 415 1363 466 tua,Domine,
1380 415 1509 472 quani

197 488 360 537 potens
379 484 520 525 virtus
537 488 639 534 tua,
667 496 801 538 quam
824 482 1071 525 ineffabilis
1089 485 1257 526 veritas
1273 485 1374 526 tua!
1433 486 1509 528 Diss

197 555 306 594 xisti
339 554 479 604 enim,
508 558 553 594 et
576 552 701 595 facta
725 558 829 595 sunt
853 555 1024 596 omnia:
1059 559 1104 596 et
1121 553 1209 596 hoc
1232 554 1403 597 factum
1429 551 1517 615 est}¹¹

199 623 322 679 quod
338 624 437 677 ipse
451 624 644 677 jussisti.
1510 617 1512 625 ’

282 693 322 734 5.
354 693 476 734 Mira
491 705 566 734 res
586 697 630 734 et
646 692 736 734 fide
754 692 893 748 digna
919 707 972 736 ac
990 693 1233 735 humanum
1250 695 1433 736 vincens
1450 696 1513 735 in-

198 763 455 814 tellectum,
483 762 605 818 quod
621 767 684 814 tu,
702 764 900 806 Domine
916 765 1043 806 Deus
1059 777 1186 805 meus
1199 795 1209 814 ,
1235 778 1368 806 verus
1387 764 1510 806 Deus

200 839 245 875 et
261 833 415 885 homo,
430 834 512 874 sub
531 833 711 875 modica
728 835 882 888 specie
898 835 1028 889 panis
1047 839 1092 876 et
1107 835 1199 876 vini
1214 835 1395 888 integer
1410 846 1510 875 con-

198 903 358 944 tineris
389 908 435 944 et
458 904 557 944 sine
585 906 899 946 consumtione
929 917 958 945 a
980 908 1184 946 sumente
1209 899 1523 946 manducaris&

200 976 286 1025 Tu,
303 974 501 1015 Domine
518 972 853 1025 universorum,
874 975 949 1029 qui
967 974 1132 1015 nullius
1151 973 1292 1016 habes
1309 974 1513 1029 indigen-

199 1046 329 1096 tiam,
354 1044 540 1085 voluisti
555 1056 638 1097 per
654 1050 988 1085 sacramentum
1003 1051 1130 1085 tuum
1147 1042 1354 1086 habitare
1371 1046 1418 1085 in
1434 1057 1512 1086 no-

197 1116 290 1165 bis;
325 1125 545 1156 conserva
562 1126 643 1155 cor
656 1127 806 1155 meum
832 1119 879 1156 et
896 1127 1058 1167 corpus
1076 1114 1438 1165 immaculatum,
1465 1119 1513 1155 ut

196 1185 321 1226 laeta
339 1189 384 1226 et
400 1196 515 1238 pura
533 1184 814 1225 conscientia
831 1185 1013 1238 saepius
1025 1184 1293 1225 tuavaleam
1311 1184 1511 1226 celebra-

194 1268 246 1297 re
263 1254 485 1309 mysteria
503 1258 549 1295 et
566 1253 624 1295 ad
639 1259 1064 1308 meamperpetuam
1079 1254 1285 1308 accipere
1302 1254 1510 1305 salutem,

198 1338 314 1380 quae
343 1324 401 1366 ad
416 1329 542 1366 tuum
559 1325 805 1379 praecipue
824 1323 1044 1365 honorem
1069 1328 1114 1365 et
1128 1324 1394 1366 memoriale
1412 1337 1512 1378 per-

200 1408 313 1437 enne
331 1395 523 1436 sanxisti
541 1399 586 1436 et
600 1395 851 1439 instituisti,

281 1466 320 1508 6.
352 1466 552 1508 Laetare
587 1465 737 1505 anima
767 1477 892 1515 mea,
927 1468 973 1505 et
996 1464 1168 1518 gratias
1195 1476 1281 1519 age
1299 1464 1400 1506 Deo
1428 1477 1510 1518 pro

198 1543 291 1578 tam
314 1536 459 1577 nobili
482 1547 668 1576 munere
695 1539 741 1575 et
764 1534 932 1575 solatio
959 1534 1180 1588 singulari
1198 1535 1245 1574 in
1263 1533 1347 1576 hac
1363 1535 1511 1589 lacry-

197 1619 372 1647 marum
395 1605 516 1646 valle
541 1605 624 1646 tibi
645 1605 824 1646 relicto.
884 1603 1001 1645 Nam
1026 1605 1205 1659 quoties
1232 1603 1320 1646 hoc
1342 1610 1511 1659 myste-

195 1679 314 1718 rium
328 1676 496 1717 recolis
516 1679 562 1716 et
579 1673 749 1717 Christi
765 1687 928 1728 corpus
947 1675 1138 1728 accipis,
1158 1676 1298 1716 toties
1315 1681 1423 1717 tuae
1438 1688 1509 1716 re-

197 1747 439 1789 demtionis
468 1758 580 1799 opus
603 1745 702 1800 agis
721 1749 767 1786 et
781 1745 1010 1799 particeps
1030 1746 1228 1786 omnium
1243 1747 1510 1787 meritorum

198 1817 367 1860 Christi
399 1815 608 1858 efficeris.
671 1815 849 1856 Caritas
883 1816 1051 1856 etenim
1084 1809 1258 1857 Christi
1283 1828 1510 1871 nunquam

195 1888 433 1937 minuitur,
461 1890 506 1927 et
525 1884 789 1939 magnitudo
807 1886 1148 1939 propitiationis
1168 1886 1265 1940 ejus
1282 1898 1508 1941 nunquam

197 1956 474 1999 exhauritur.
533 1955 643 1997 Ideo
675 1968 794 1996 nova
821 1968 1003 2009 semper
1024 1956 1187 1997 mentis
1208 1957 1508 1998 renovatione

197 2029 255 2069 ad
286 2027 374 2069 hoc
402 2027 646 2080 disponere
670 2030 717 2066 te
743 2025 883 2067 debes
917 2031 963 2067 et
991 2038 1205 2080 magnum
1230 2026 1390 2067 salutis
1413 2039 1508 2080 my-

196 2097 383 2140 sterium
423 2101 598 2138 attenta
637 2095 1005 2137 consideratione
1045 2108 1253 2149 pensare.
1311 2095 1382 2136 Ita
1417 2107 1508 2135 ma-

196 2180 347 2222 gnum,
379 2179 545 2208 novum
577 2171 623 2207 et
648 2165 896 2220 jucundum
926 2166 1012 2206 tibi
1041 2166 1187 2206 videri
1219 2165 1375 2215 debet,
1410 2177 1505 2206 cum

197 2238 402 2280 celebras
430 2242 507 2278 aut
522 2238 708 2278 missam
726 2236 877 2286 audis,
904 2248 957 2277 ac
973 2236 1013 2277 si
1031 2235 1192 2278 eodem
1211 2235 1284 2277 die
1304 2234 1505 2277 Christus
1522 2286 1523 2291 ¹
