1530 2517
482 159 562 195 ET
597 159 883 197 CAPITUM
1270 167 1338 198 vn

408 363 762 414 LIBER
830 363 947 415 III.

369 487 440 530 De
471 489 647 531 interna
680 492 991 533 consolatione.

1238 591 1332 634 Pag.

19 651 110 697 Cap.
205 652 236 686 1.
265 652 323 686 De
356 653 504 686 interna
539 651 681 685 Christi
713 650 899 687 locutione
935 653 980 686 ad
1015 653 1171 686 animam
1196 654 1239 685 fi-

334 711 453 746 delem
481 735 1212 746 .............
1287 715 1331 746 80

185 774 236 808 Π.
263 774 369 813 Quod
393 773 532 806 veritas
555 773 657 807 intus
679 771 846 815 loquitur
869 773 948 805 sine
974 775 1132 817 strepitu
1156 784 1238 806 ver-

332 834 462 868 borum
482 855 1212 868 .............
1287 836 1330 868 81

162 893 236 928 111.
264 894 370 934 Quod
387 894 500 928 verba
516 894 592 928 Dei
609 905 690 928 cum
705 891 916 928 humilitate
940 898 1025 928 sunt
1041 895 1237 933 audienda,

331 958 369 990 et
386 955 485 1001 quod
500 953 606 989 multi
623 965 668 988 ea
683 966 758 988 non
774 955 986 999 ponderant
1026 980 1035 989 .
1086 981 1093 988 .
1145 980 1154 988 .
1204 979 1214 989 .
1288 955 1330 988 83

163 1014 234 1050 IV.
262 1016 368 1055 Quod
384 1016 423 1050 in
438 1016 600 1050 veritate
625 1017 664 1049 et
680 1014 892 1050 humilitate
909 1026 1031 1050 coram
1051 1015 1132 1049 Deo
1151 1026 1238 1049 con-

331 1074 555 1109 versandum
573 1077 632 1109 est
670 1101 1218 1111 ..........
1291 1076 1335 1108 86

188 1134 238 1170 V.
264 1136 322 1170 De
340 1134 502 1169 mirabili
519 1136 656 1170 effectu
676 1136 791 1170 (livini
810 1137 947 1171 amoris
970 1160 1218 1171 .....
1291 1138 1336 1168 88

167 1195 224 1230 VI
262 1197 321 1230 De
337 1197 559 1241 probatione
576 1197 656 1231 veri
671 1197 850 1231 amatoris
911 1220 1219 1232 ......
1291 1198 1335 1229 91

150 1257 240 1291 VII.
266 1258 325 1291 De
344 1257 566 1292 occultanda
576 1259 697 1301 gratia
709 1258 775 1292 sub
786 1256 1013 1291 humilitatis
1023 1258 1193 1291 custodia
1210 1282 1219 1292 .
1292 1259 1335 1291 93

55 1342 64 1357 ,
130 1317 238 1351 VIII.
266 1318 324 1351 De
340 1316 409 1351 vili
426 1318 689 1353 aestimatione
707 1319 763 1352 sui
779 1319 902 1363 ipsius
918 1319 958 1351 in
976 1317 1094 1352 oculis
1112 1318 1186 1351 Dei
1211 1343 1220 1352 .
1293 1320 1337 1352 96

165 1376 236 1411 IX.
267 1377 373 1417 Quod
391 1378 513 1411 omnia
531 1378 579 1411 ad
596 1379 736 1419 Deum,
756 1380 852 1413 sicut
869 1379 916 1413 ad
933 1379 1046 1413 finem
1062 1378 1242 1418 ultimum,

336 1441 421 1471 sunt
436 1438 641 1472 referenda
674 1463 1220 1474 ..........
1293 1439 1336 1471 97

189 1497 241 1532 X.
269 1498 374 1537 Quod
394 1503 522 1543 spreto
539 1498 675 1532 mundo
695 1497 801 1533 dulce
821 1501 878 1532 est
894 1500 1032 1533 servire
1050 1500 1133 1533 Deo
1152 1524 1162 1534 .
1211 1524 1222 1534 .
1293 1500 1337 1532 98

163 1558 238 1593 XI.
266 1559 373 1598 Quod
391 1559 577 1593 desideria
595 1559 719 1593 cordis
737 1560 989 1593 examinanda
1008 1563 1094 1593 sunt
1114 1562 1152 1594 et
1167 1570 1244 1594 mo-

336 1619 505 1653 deranda
553 1644 1222 1655 ............
1272 1623 1337 1655 101

146 1680 240 1714 ΧΠ.
267 1680 324 1714 De
347 1681 614 1714 informatione
638 1681 848 1724 patientiae
882 1684 921 1715 et
945 1679 1146 1715 luctamine
1179 1681 1244 1714 ad-

336 1752 466 1774 versus
484 1741 809 1785 concupiscentias
851 1765 1219 1777 .......
1272 1745 1338 1775 102

44 1827 66 1842 ,,
130 1800 246 1835 XIII.
272 1801 331 1835 De
356 1801 569 1835 obedientia
596 1799 745 1835 humilis
779 1801 920 1835 subditi
952 1802 1001 1835 ad
1033 1801 1246 1846 exemplum

339 1862 430 1896 Jesu
451 1861 591 1895 Christi
615 1886 1222 1897 ...........
1275 1866 1341 1896 104

138 1921 248 1957 XIV.
274 1923 332 1956 De
351 1921 506 1956 occultis
524 1922 598 1955 Dei
617 1921 774 1964 judiciis
792 1922 1090 1963 considerandis,
1116 1934 1162 1957 ne
1180 1935 1248 1957 ex-

340 1983 518 2017 tollamur
533 1984 572 2016 in
588 1984 698 2017 bonis
737 2008 1224 2019 .........
1276 1985 1341 2017 106

156 2043 248 2078 XV.
276 2043 447 2084 Qualiter
470 2045 642 2078 standum
667 2045 718 2078 sit
741 2054 785 2078 ac
810 2044 1006 2078 dicendum
1027 2045 1067 2078 in
1092 2045 1188 2079 omni
1206 2056 1246 2079 re

343 2103 587 2138 desiderabili
618 2128 1224 2141 ...........
1275 2106 1340 2138 107

48 2188 71 2204 ,,
140 2163 251 2199 XVI.
279 2165 386 2204 Quod
410 2176 534 2198 verum
566 2163 742 2199 solatium
772 2166 812 2199 in
844 2163 924 2199 solo
949 2164 1031 2199 Deo
1056 2168 1114 2199 est
1138 2175 1249 2210 quae-

342 2225 498 2259 rendum
561 2250 1225 2261 ............
1277 2228 1340 2259 109

48 2309 70 2326 ι,
117 2284 247 2320 XVII.
275 2286 382 2326 Quod
400 2286 517 2320 omnis
536 2285 750 2320 sollicitudo
768 2288 807 2320 in
825 2286 906 2320 Deo
925 2287 1125 2320 statuenda
1143 2287 1192 2319 sit
1218 2310 1226 2318 .
1277 2288 1338 2318 111
