1530 2517
161 122 239 162 152
563 119 647 156 DE
680 119 1079 156 IMITATIONE

161 230 349 275 possum
367 216 573 271 gloriari,
594 222 672 256 aut
689 229 768 256 cur
785 221 950 268 appeto
967 213 1199 269 reputari'}
1254 215 1482 270 Numquid

163 291 219 330 de
237 285 408 328 nihilo'l
447 287 507 327 Et
523 285 612 327 hoe
628 287 921 326 vanissimum
940 291 1021 327 est.
1080 286 1202 328 Vere
1219 286 1367 327 inanis
1385 287 1481 340 glo-

159 361 253 409 ria,
277 357 400 397 mala
416 358 579 410 pestis,
607 358 782 397 vanitas
800 356 1021 406 maxima,
1049 357 1156 410 quia
1173 368 1200 395 a
1215 356 1326 397 vera
1340 355 1481 397 trahit

162 429 313 484 gloria
337 432 383 467 et
408 426 602 467 coelesti
627 426 798 479 spoliat
822 428 987 480 gratia.
1047 427 1168 467 Dum
1196 428 1314 467 enim
1342 426 1477 467 homo

162 498 417 552 complacet
433 497 534 546 sibi,
549 495 874 549 displicettibi3
893 497 998 537 dum
1015 495 1163 537 inhiat
1174 497 1384 538 laudibus
1403 496 1480 537 hu-

160 569 321 618 manis,
342 567 547 621 privatur
562 567 683 607 veris
701 567 956 608 virtutibus.

244 639 284 679 5.
316 638 400 678 Est
416 641 568 677 autem
583 649 693 677 vera
709 637 861 691 gloria
879 642 925 678 et
942 638 1188 679 exsultatio
1201 644 1372 689 sancta,
1386 639 1482 693 glo-

160 710 274 751 riari
287 709 335 748 in
351 712 397 748 te
416 711 462 748 et
477 719 569 747 non
585 708 632 747 in
649 720 714 757 se,
733 706 936 760 gaudere
952 709 1000 747 in
1017 709 1199 748 nomine
1216 713 1312 758 tuo,
1331 710 1484 748 nonin

162 779 352 833 propria
367 778 550 826 virtute,
570 777 719 817 necin
737 777 890 831 aliqua
908 782 1119 818 ereatura
1136 777 1378 829 delectari,
1397 779 1483 819 nisi

163 852 352 903 propter
366 851 427 888 te.
488 846 726 887 Laudetur
742 860 908 888 nomen
923 853 1064 898 tuum,
1083 860 1174 888 non
1190 861 1362 898 meum3
1391 860 1485 887 ma·
1510 844 1513 845 ⁷

163 919 406 973 gnificetur
423 929 536 970 opus
553 921 694 967 tuum,
706 929 797 968 non
812 930 985 968 meum;
1003 917 1303 959 benedicatur
1318 930 1485 958 nomen

165 993 369 1030 sanetum
385 992 526 1035 tuum,
545 985 660 1026 nihil
675 985 787 1027 mihi
804 992 955 1029 autem
973 989 1249 1029 attribuatur
1265 988 1320 1028 de
1338 987 1483 1028 laudi-

162 1060 247 1100 bus
272 1057 518 1099 hominum.
580 1058 652 1097 Tu
675 1057 826 1111 gloria
848 1070 974 1109 mea,
992 1063 1042 1098 tu
1062 1058 1306 1099 exsultatio
1327 1057 1478 1099 cordis

164 1130 269 1171 mei.
327 1129 379 1169 In
394 1132 440 1168 te
459 1127 696 1180 gloriabor
715 1131 760 1168 et
777 1128 1016 1169 exsultabo
1037 1133 1138 1169 tota
1156 1128 1244 1179 die,
1270 1141 1368 1182 pro
1400 1141 1444 1168 m
1457 1141 1482 1168 e

166 1205 349 1241 autem
380 1195 544 1245 nihil,
579 1197 688 1237 nisi
718 1198 772 1237 in
801 1197 1251 1238 infirmitatibus
1282 1198 1435 1238 meis.

250 1271 290 1311 6.
324 1266 732 1318 QuaerantJudaei
749 1268 958 1321 gloriam,
972 1280 1088 1321 quae
1108 1268 1163 1307 ab
1180 1268 1374 1308 invicem
1394 1280 1482 1308 est:

168 1353 254 1394 ego
274 1338 391 1379 hanc
403 1340 650 1393 requiram,
670 1350 787 1392 quae
807 1351 833 1377 a
850 1338 950 1378 solo
969 1338 1070 1379 Deo
1091 1342 1174 1379 est.
1217 1338 1372 1378 Omnis
1391 1337 1486 1391 qui-

168 1412 271 1452 dem
288 1411 439 1465 gloria
455 1409 675 1459 humana,
704 1410 848 1449 omnis
866 1406 1015 1448 honor
1030 1407 1296 1461 temporalis
1308 1438 1320 1458 ,
1341 1408 1486 1447 omnis

169 1480 361 1522 altitudo
380 1480 631 1530 mundana,
653 1485 868 1520 aeternae
885 1478 1064 1532 gloriae
1080 1485 1186 1518 tuae
1206 1482 1486 1529 comparata,

170 1554 347 1592 vanitas
367 1556 437 1592 est
454 1555 499 1591 et
515 1550 722 1591 stultitia.
759 1550 795 1589 Ο
807 1550 976 1589 veritas
990 1560 1094 1589 mea
1111 1553 1157 1588 et
1170 1547 1489 1588 misericordia

168 1634 295 1671 mea,
321 1621 448 1662 Deus
465 1632 617 1669 meus,
644 1619 847 1659 Trinitas
864 1618 1023 1667 beata,
1053 1618 1140 1658 tibi
1155 1617 1246 1658 soli
1261 1617 1384 1666 laus,
1408 1615 1488 1657 ho-

168 1703 267 1741 nor,
285 1691 427 1730 virtus
455 1695 500 1730 et
516 1689 667 1743 gloria
682 1701 766 1741 per
780 1689 958 1728 infinita
974 1688 1262 1729 saeculorum
1280 1687 1485 1728 saecula.

261 1828 294 1859 5.
321 1827 343 1858 2
362 1823 446 1858 Cor.
467 1828 524 1866 12,
540 1829 573 1859 5.
