1530 2517
297 135 560 171 CHRISTI
617 134 727 172 LIB.
759 136 827 171 IV.
861 136 984 172 CAP.
1017 138 1054 171 9.
1259 136 1341 176 221

20 232 190 274 militer
215 243 272 274 ea
297 230 555 273 confitendo
585 235 630 272 et
652 231 948 272 lamentando
975 235 1021 272 et
1042 235 1167 271 tuam
1192 234 1344 287 propi-

20 303 48 348 ti
57 303 260 344 ationem
299 302 588 342 incessanter
627 299 948 355 deprecando'ss
1004 301 1243 354 Deprecor
1282 308 1343 353 te,

10 372 183 427 velxaudi
200 384 273 413 me
289 372 532 426 propitius,
551 372 630 412 ubi
648 371 781 412 adsto
802 383 958 412 coram
974 375 1036 423 te,
1055 373 1182 413 Deus
1200 386 1342 415 meus.

19 432 180 492 Omnia
196 445 388 496 peccata
404 453 508 482 mea
525 439 636 481 mihi
652 442 849 483 maxime
869 442 1132 495 displicent,
1156 443 1266 483 nolo
1288 456 1343 484 ea

19 510 213 654 ιΐῳιαῐιι
231 511 423 565 amplius
441 515 724 564 perpetrare,
753 511 833 552 scd
850 524 932 565 pro
955 513 1020 553 eis
1039 513 1176 553 doleo
1199 517 1245 554 et
1262 513 1341 554 do-

19 585 27 624 l

58 584 135 634 bo,
155 581 371 637 quamdiu
386 581 562 632 vixero,
582 586 769 635 paratus
789 582 1118 635 poenitentiam
1137 595 1276 637 agere
1297 588 1342 625 et

70 666 95 695 o
114 665 252 708 posse
271 650 557 693 satisfacere.
618 652 811 693 Dimitte
829 650 962 703 mihi,
983 653 1112 694 Deus
1125 683 1135 703 ,
1164 653 1339 695 dimitte

59 722 126 764 ihi
157 726 349 777 peccata
379 734 505 773 mea,
536 727 728 776 propter
760 734 924 763 nomen
957 727 1164 764 sanctum
1190 728 1340 774 tuum3

17 827 23 834 .
66 794 142 835 lva
160 794 356 834 animam
373 805 536 843 meam,
555 804 690 847 quam
707 793 912 846 pretioso
932 794 1154 847 sanguine
1172 798 1250 834 tuo
1268 806 1338 835 re·

47 864 211 905 emisti.
272 863 407 914 Ecce,
428 863 662 904 committo
680 875 753 903 me
770 862 1118 904 misericordiae
1136 868 1258 914 tuae,
1269 876 1342 904 re-

37 936 146 990 igno
170 947 243 976 me
261 934 468 974 manibus
485 934 591 974 tuis.
651 933 764 987 Age
796 945 875 973 me
888 945 1004 973 cum
1036 946 1056 973 s
1071 945 1094 973 e
1108 946 1208 974 cun
1220 933 1342 973 dum

56 1006 332 1046 onitatem
362 1008 533 1052 tuam,
562 1014 670 1043 non
702 1002 1003 1045 secundum
1033 1015 1207 1044 meam
1238 1016 1340 1043 ma-

39 1078 199 1116 itiam
234 1079 286 1116 et
314 1074 695 1127 iniquitatem.

99 1154 139 1194 4.
174 1152 331 1196 Offero
368 1153 506 1201 etiam
537 1152 622 1193 tibi
655 1151 809 1192 omnia
832 1151 955 1191 bona
978 1163 1105 1202 mea,
1134 1152 1339 1205 quamvis

20 1225 147 1266 xalde
167 1236 316 1279 pauca
342 1229 386 1263 et
409 1220 705 1276 imperfecta,
734 1225 786 1262 ut
800 1225 852 1262 tu
869 1233 925 1261 ea
943 1221 1157 1261 emendes
1177 1225 1224 1262 et
1239 1234 1340 1261 san-

42 1296 213 1346 tifices;
245 1299 295 1334 ut
320 1306 375 1334 ea
400 1297 534 1348 grata
551 1291 723 1333 habeas
751 1295 798 1331 et
823 1295 1012 1344 accepta
1029 1292 1113 1332 tibi
1131 1290 1277 1333 facias
1298 1296 1342 1332 et

44 1379 198 1420 emper
215 1364 274 1405 ad
290 1363 486 1405 meliora
500 1361 674 1413 trahas,
689 1374 773 1402 nec
788 1373 880 1401 non
898 1360 957 1400 ad
972 1361 1157 1401 beatum
1176 1374 1230 1402 ac
1246 1362 1342 1402 lau-

14 1475 19 1480 ,
50 1437 216 1478 abilem
233 1435 370 1476 finem
393 1446 465 1474 me
487 1433 667 1487 pigrum
695 1437 740 1473 et
762 1430 970 1472 inutilem
991 1429 1341 1472 homuncionem

48 1504 256 1549 erdu‘cas.

101 1578 140 1618 5.
175 1575 334 1618 Offero
363 1586 545 1628 quoque
571 1573 656 1614 tibi
683 1575 836 1613 omnia
859 1573 937 1627 pia
955 1572 1188 1614 desideria
1206 1572 1342 1613 devo-

37 1660 189 1698 orum,
217 1646 518 1688 necessitates
541 1649 803 1696 parentum,
832 1645 1106 1692 amicorum,
1132 1641 1341 1691 fratrum,

41 1730 249 1768 ororum,
279 1715 569 1768 omniumque
596 1726 807 1756 carorum
831 1726 1059 1763 meorum,
1094 1717 1140 1753 et
1166 1724 1341 1760 eorum,

48 1789 95 1829 ui
110 1786 223 1828 mihi
239 1786 313 1828 vel
330 1786 433 1826 aliis
444 1789 634 1839 propter
646 1796 850 1825 amorem
859 1789 985 1824 tuum
997 1781 1340 1831 benefecerunt,

46 1864 64 1899 t
81 1859 158 1913 qui
177 1857 411 1898 orationes
431 1861 477 1897 et
492 1856 656 1897 missas
677 1867 757 1908 pro
778 1867 828 1895 se
847 1856 1031 1908 suisque
1051 1852 1258 1894 omnibus
1278 1851 1342 1891 di-

6 1938 9 1981 g
44 1930 59 1968 i
78 1941 104 1968 a
119 1940 193 1969 me
212 1926 590 1968 desideraverunt
608 1931 653 1965 et
670 1925 911 1977 petierunt,
931 1925 1026 1964 sive
1043 1923 1089 1963 in
1108 1934 1244 1964 carne
1264 1920 1341 1960 ad-

21 1999 106 2054 huc
121 2000 290 2049 vivant,
317 1998 412 2038 sive
432 1996 528 2050 jam
547 1995 733 2036 sacculo
754 1994 959 2035 defuncti
975 1994 1084 2034 sint:
1116 1987 1340 2032 ut'omnes

21 2070 103 2114 sibi
123 2069 344 2109 auxilium
361 2068 539 2121 gratiae
557 2071 688 2115 tuae,
715 2077 847 2117 opem
867 2062 1219 2109 consolationis,
1239 2073 1342 2113 pro-

22 2134 264 2183 te'ctionem
285 2151 311 2178 a
324 2136 556 2191 periculis,
569 2135 891 2176 liberationem
909 2146 936 2173 a
952 2133 1111 2186 poenis
1127 2130 1340 2170 advenire

20 2208 542 2241 -A-——--—--

111 2285 143 2314 3.
171 2278 313 2313 Psalm.
335 2279 401 2313 118
421 2276 539 2320 (119),
561 2277 627 2308 124
644 2279 681 2309 et
700 2278 766 2309 102
786 2275 903 2318 (103),
924 2277 966 2306 10
