1530 2517
328 132 590 169 CHRISTI
646 131 756 167 Lis.
788 131 845 166 11.
877 130 997 166 CAP.
1029 129 1068 164 8.
1309 124 1361 165 65

39 231 219 284 quietus
232 261 243 280 ,
272 234 318 270 et
334 229 537 270 manebit
552 234 702 269 tecum
718 227 867 268 Jesus.
928 226 1069 266 Potes
1089 225 1177 266 cito
1197 223 1360 278 fugare

34 301 191 342 Jesum
211 305 257 341 et
273 300 469 354 gratiam
488 299 585 353 ejus
596 297 806 352 perdere,
820 297 859 338 si
869 296 1069 338 volueris
1090 295 1147 336 ad
1163 294 1360 336 exterio-

35 383 90 412 ra
122 370 369 412 declinare.
418 370 478 411 Et
501 370 542 410 si
563 369 693 409 illum
720 366 998 423 effugaveris
1026 371 1072 408 et
1087 364 1359 420 perdideris,

36 441 95 481 ad
113 453 245 495 quem
263 439 416 496 fugies
436 445 482 481 et
499 453 633 495 quem
650 446 757 480 tunc
775 451 969 494 quaeres
989 434 1210 478 amicum&
1252 434 1360 477 Sine

36 512 182 552 amico
210 523 302 551 non
326 515 461 564 potes
485 511 603 552 bene
628 511 804 561 vivere,
835 516 880 551 et
905 509 944 550 si
960 509 1094 550 Jesus
1112 519 1202 548 non
1221 505 1363 547 fuerit

34 582 118 623 tibi
133 594 245 635 prae
264 582 473 622 omnibus
492 582 677 631 amicus,
694 581 783 621 eris
802 580 935 621 nimis
952 579 1097 621 tristis
1117 584 1163 619 et
1181 577 1359 618 desola-

35 658 121 692 tus.
153 651 300 692 Fatue
317 652 459 706 igitur
477 653 590 706 agis,
610 652 650 692 si
665 652 711 692 in
730 651 884 705 aliquo
905 650 1051 691 altero
1073 646 1264 690 confidis
1284 651 1362 686 aut

35 722 238 763 laetaris.
293 722 568 776 Eligendum
596 727 665 762 est
688 722 858 775 magis,
885 725 1033 761 totum
1049 718 1265 760 mundum
1283 716 1360 756 ha-

35 793 146 834 bere
165 794 460 843 contrarium,
475 805 609 846 quam
618 792 642 833 J
648 805 774 833 esum
793 789 1034 832 offensum.
1065 790 1136 829 Ex
1154 787 1362 828 omnibus

37 875 148 916 ergo
170 863 288 904 caris
306 864 366 903 sit
380 863 406 904 J
412 876 514 904 esus
532 862 659 903 solus
678 862 872 903 dilectus
890 860 1119 915 specialis.

120 940 160 981 4.
192 941 458 995 Diligantur
483 953 639 981 omnes
656 946 846 994 propter
860 939 886 980 J
891 951 1017 980 esum
1028 968 1040 989 ,
1057 938 1082 979 J
1088 950 1191 979 esus
1210 941 1361 977 autem

38 1015 228 1064 propter
243 1024 293 1052 se
312 1012 476 1064 ipsum.
537 1011 673 1053 Solus
690 1011 823 1052 Jesus
843 1008 1050 1051 Christus
1068 1007 1365 1062 singulariter

41 1087 110 1122 est
127 1081 370 1131 amandus,
390 1083 468 1135 qui
484 1081 610 1122 solus
627 1081 775 1122 bonus
796 1085 842 1121 et
857 1079 1007 1120 fidelis
1024 1091 1137 1133 prae
1157 1079 1365 1118 omnibus

35 1151 265 1192 invenitur
275 1152 448 1193 amicis.
482 1152 680 1205 Propter
694 1151 844 1205 ipsum
863 1155 909 1191 et
923 1151 970 1191 in
987 1151 1088 1204 ipso
1101 1154 1195 1190 tam
1213 1149 1362 1198 amici,

39 1234 174 1276 quam
190 1223 364 1264 inimici
380 1222 466 1263 tibi
485 1223 576 1263 sint
595 1222 712 1273 cari3
746 1226 792 1263 et
814 1233 898 1275 pro
927 1221 1135 1262 omnibus
1161 1219 1231 1261 his
1259 1231 1365 1261 exo-

36 1292 208 1334 randus
236 1298 327 1343 est,
353 1298 586 1334 uvomnes
611 1293 761 1345 ipsum
787 1296 1070 1346 cognoscant
1095 1295 1141 1332 et
1157 1290 1364 1345 diligant.

38 1363 281 1418 Nunquam
299 1364 456 1416 cupias
473 1363 771 1417 singulariter
787 1361 969 1402 laudari
980 1361 1053 1402 vel
1072 1362 1232 1411 amari,
1260 1362 1368 1416 quia

38 1433 127 1475 hoc
143 1433 288 1475 solius
306 1434 397 1475 Dei
415 1438 506 1483 est,
533 1433 612 1487 qui
628 1432 825 1473 similem
841 1432 929 1473 sibi
947 1444 1038 1472 non
1055 1429 1208 1473 habet.
1267 1431 1367 1473 Nec

36 1504 168 1554 velis,
189 1503 313 1558 quod
330 1503 496 1557 aliquis
512 1507 664 1544 tecum
680 1503 727 1543 in
745 1502 885 1544 corde
902 1515 986 1544 suo
1007 1506 1269 1556 occupetur,
1288 1515 1365 1543 ne-

37 1588 125 1630 que
143 1582 194 1615 tu
211 1587 312 1615 cum
332 1574 524 1615 alicuius
545 1573 783 1627 occuperis
802 1585 975 1624 amore,
993 1573 1077 1614 sed
1094 1573 1155 1614 sit
1168 1573 1302 1614 Jesus
1319 1573 1365 1612 in

36 1653 83 1687 te
103 1651 148 1686 et
164 1647 210 1685 in
229 1645 351 1686 omni
367 1645 489 1685 bono
509 1642 707 1685 homine.

122 1715 162 1756 5.
193 1716 306 1756 Esto
327 1728 464 1769 purus
492 1719 538 1756 et
553 1715 671 1756 liber
695 1714 751 1755 ab
769 1715 890 1755 intus
908 1714 1007 1755 sine
1026 1713 1220 1768 alicujus
1238 1725 1364 1754 crea-

36 1791 169 1826 turae
186 1786 543 1839 implicamento.
579 1786 773 1839 Oportet
783 1790 827 1826 te
839 1798 941 1826 esse
950 1784 1135 1836 nudum,
1149 1788 1364 1838 etpurum

38 1868 119 1897 cor
136 1856 194 1896 ad
204 1856 352 1897 Deum
371 1869 549 1911 gerere,
563 1857 603 1897 si
617 1857 686 1897 vis
703 1868 869 1897 vacare
888 1861 935 1897 et
956 1855 1049 1896 vid
1061 1868 1176 1907 ere,
1204 1867 1364 1909 quam

37 1927 231 1967 suavis
263 1927 341 1967 sit
369 1928 657 1969 Dominus.
702 1927 828 1968 Etre
845 1939 956 1968 vera
973 1925 1033 1966 ad
1049 1924 1138 1967 hoc
1153 1937 1245 1966 non
1261 1937 1362 1979 per-

35 1997 208 2047 venies,
220 1998 309 2038 nisi
326 1997 478 2051 gratia
496 1997 593 2050 ejus
611 1995 755 2037 fueris
767 2000 1042 2050 praeventus
1063 1999 1109 2037 et
1122 1995 1360 2044 intractus,

37 2070 88 2105 ut
119 2067 328 2108 omnibus
355 2067 587 2108 evacuatis
615 2071 661 2108 et
683 2066 933 2108 licentiatis
965 2065 1093 2107 solus
1126 2078 1227 2107 cum
1260 2064 1361 2105 solo

38 2136 225 2176 uniaris.
275 2136 468 2186 Quando
490 2138 607 2177 enim
626 2137 778 2191 gratia
793 2137 882 2178 Dei
899 2137 1025 2178 venit
1041 2135 1100 2176 ad
1117 2134 1362 2185 hominem,

132 2280 152 2309 5
190 2275 333 2310 Psalm.
352 2279 394 2309 33
417 2278 510 2320 (34),
530 2280 563 2311 8.
