1530 2517
289 92 551 131 CHRISTI
606 94 716 130 LIB.
748 93 818 130 111.
853 95 974 131 CAP.
1007 96 1071 130 29.
1092 95 1156 131 30.
1303 94 1383 133 135

65 188 283 229 auxilium
305 201 454 243 neque
478 188 590 230 utile
609 189 871 241 consilium,
901 190 982 231 sed
1005 203 1152 245 neque
1172 190 1383 232 durabile

62 258 328 300 remedium.
389 257 478 300 Sed
501 259 597 312 jam
612 264 814 300 resumto
834 261 997 313 spiritu
1016 265 1123 314 post
1137 265 1384 315 tempesta-

64 333 156 370 tem
170 328 493 371 reconvalesce
510 331 556 369 in
566 329 668 371 luce
679 331 1024 372 miserationum
1034 343 1257 371 mearum:
1278 332 1385 386 quia

65 410 208 452 prope
234 410 355 448 sum,
384 398 516 449 (dicit
530 400 790 452 Dominus‚)
817 405 867 441 ut
889 405 1147 441 restaurem
1169 401 1385 441 universa

64 480 155 509 non
172 467 321 509 solum
336 468 531 523 integre,
551 469 633 510 sed
652 474 697 511 et
715 470 1000 512 abundanter
1016 484 1072 512 ac
1089 470 1331 511 cumulate.

146 550 187 589 2.
219 548 450 603 Numquid
465 548 577 589 mihi
598 548 843 604 quidquam
870 555 939 591 est
963 550 1170 601 difficile,
1199 554 1278 590 aut
1303 562 1382 591 ero

66 619 228 660 similis
260 619 431 660 dicenti
463 624 509 661 et
538 632 631 661 non
662 618 878 661 facienti‘}
917 621 1005 662 Ubi
1038 625 1108 662 est
1131 620 1245 662 fides
1279 618 1384 661 tua?

67 688 149 730 Sta
173 689 363 730 firmiter
395 694 442 731 et
465 695 826 744 perseveranter.
885 691 998 732 Esto
1031 691 1306 746 longanimis
1341 696 1387 732 et

64 760 134 800 vir
150 758 307 811 fortis;
331 760 485 801 veniet
502 760 585 801 tibi
602 760 857 802 consolatio
875 762 923 801 in
939 766 1145 815 tempore
1163 774 1261 803 su0.
1296 762 1384 802 Ex-

64 833 222 883 specta
237 842 325 880 me,
347 834 582 883 exspecta:
615 830 795 870 veniam
814 835 860 872 et
876 832 1045 872 curabo
1064 837 1124 873 te.
1166 832 1382 872 Tentatio

65 906 148 950 est,
169 912 286 954 quae
303 904 348 941 te
365 904 515 950 vexat,
536 904 581 940 et
597 898 795 941 formido
814 913 946 952 vana,
968 914 1084 956 quae
1103 906 1149 943 te
1168 906 1382 943 exterret.

66 969 187 1018 Quid
209 970 429 1023 importat
453 970 715 1011 sollicitudo
744 970 799 1012 de
818 970 982 1013 futuris
1002 972 1384 1026 contingentibus,

63 1040 151 1081 nisi
168 1044 219 1080 ut
233 1040 468 1081 tristitiam
484 1053 622 1094 super
638 1041 872 1082 tristitiam
889 1040 1089 1083 habeas‘}
1148 1041 1249 1084 suf
1255 1041 1276 1082 f
1282 1043 1296 1082 i
1309 1043 1357 1083 ci
1368 1048 1386 1083 t

66 1110 184 1152 diei
214 1110 440 1152 malitia
471 1124 585 1152 sua.
646 1112 825 1153 Vanum
851 1117 921 1154 est
945 1119 990 1154 et
1013 1112 1174 1154 inutile
1193 1113 1249 1154 de
1266 1112 1385 1153 futu-

65 1183 129 1223 ris
162 1181 426 1223 eonturbari
456 1182 529 1223 vel
561 1182 808 1236 gratulari,
852 1196 968 1238 quae
1000 1182 1122 1225 forte
1158 1195 1386 1238 nunquam

68 1254 290 1294 evenient.

152 1323 192 1364 3.
227 1322 318 1365 Sed
342 1321 587 1363 humanum
613 1327 681 1365 est
704 1320 964 1377 hujusmodi
984 1325 1388 1379 imaginationibus

68 1393 224 1444 illudi,
256 1398 301 1434 et
316 1394 445 1446 parvi
464 1392 613 1435 adhuc
630 1394 768 1434 animi
784 1394 968 1448 signum
979 1399 1073 1435 tam
1090 1395 1253 1436 leviter
1268 1394 1389 1436 trahi

69 1477 96 1504 a
121 1464 420 1518 suggestione
444 1464 631 1505 inimici.
689 1464 792 1518 Ipse
820 1465 938 1505 enim
954 1477 1043 1506 non
1063 1470 1212 1516 curat,
1238 1470 1389 1506 utrum

66 1535 187 1575 veris
206 1546 264 1574 an
281 1533 412 1574 falsis
429 1533 596 1574 illudat
613 1538 658 1574 et
676 1533 893 1587 decipiat3
912 1540 1062 1575 utrum
1077 1537 1388 1589 praesentium

69 1617 225 1646 amore
245 1609 324 1645 aut
339 1603 598 1645 futurorum
615 1603 861 1646 formidine
880 1611 1153 1658 prosternat.
1198 1606 1302 1648 Non
1320 1619 1388 1647 er-

67 1687 126 1729 go
144 1675 354 1716 turbetur
371 1687 451 1716 cor
466 1679 592 1715 tuum
613 1686 762 1729 neque
780 1673 1011 1716 formidet.
1073 1676 1220 1718 Crede
1243 1677 1289 1717 in
1315 1690 1388 1718 me

68 1752 114 1786 et
129 1745 176 1784 in
192 1745 510 1786 misericordia
525 1758 630 1786 mea
646 1743 812 1786 habeto
831 1745 1058 1787 fiduciam.
1120 1747 1313 1797 Quando
1339 1753 1388 1788 tu

64 1823 199 1869 putas
223 1819 269 1856 te
294 1815 558 1869 elongatum
591 1827 618 1854 a
641 1827 736 1866 me,
770 1827 909 1869 saepe
941 1829 1041 1856 sum
1070 1815 1385 1873 propinquior.

68 1884 261 1935 Quando
279 1890 330 1926 tu
348 1886 564 1926 aestimas
582 1898 727 1939 paene
744 1889 891 1926 totum
908 1886 1149 1940 perditum,
1162 1893 1270 1929 tunc
1286 1901 1385 1929 sae-

64 1969 122 2010 pe
139 1956 286 2009 majus
306 1955 511 1996 merendi
526 1956 665 1996 instat
680 1956 869 1997 lucrum.
917 1956 1021 1997 Non
1039 1962 1109 1998 est
1123 1962 1270 1998 totum
1286 1971 1386 2012 per-

68 2026 225 2076 ditum,
245 2025 426 2080 quando
444 2038 520 2065 res
539 2025 705 2066 accidit
719 2026 765 2065 in
784 2028 1074 2067 contrarium.
1125 2027 1229 2069 Non
1247 2027 1386 2069 debes

63 2096 272 2150 judicare
291 2095 539 2137 secundum
555 2108 773 2149 praesens
791 2097 976 2149 sentire,
987 2110 1073 2139 nec
1089 2097 1155 2139 sic
1171 2098 1388 2152 gravitati

162 2238 195 2269 2.
223 2234 358 2270 Matth.
378 2237 410 2276 6,
425 2238 481 2270 34.
