1530 2517
167 117 253 160 232,
565 118 647 154 DE
688 117 1088 155 IMITATIONE

170 215 242 255 cui
281 220 326 255 te
366 218 513 254 totum
554 213 664 254 dare
705 214 869 265 debes,
915 214 983 254 ita
1020 219 1070 254 ut
1102 214 1198 267 jam
1238 213 1357 254 ultra
1394 226 1483 254 non

167 284 213 325 in
244 289 312 335 te,
345 284 428 326 sed
458 284 506 323 in
536 296 609 325 me
642 281 815 336 absque
849 284 972 325 omni
1001 283 1312 325 sollicitudine
1341 284 1482 325 vivas.

585 727 845 775 CAPUT
905 726 1068 774 XIII.

223 840 355 894 Quod
382 849 476 885 toto
510 842 640 884 corde
671 841 821 883 anima
852 839 1006 882 devota
1033 839 1202 882 Christi
1221 840 1426 882 unionem

434 912 482 954 in
512 918 788 955 sacramento
821 909 1038 967 affectare
1069 911 1207 953 debet.

535 1051 683 1102 Vox
727 1049 1104 1104 D1SC1P1JL1.

244 1201 284 1240 1.
319 1181 444 1253 Quis
460 1199 574 1242 mihi
592 1200 691 1250 det,
709 1199 929 1249 Domine,
954 1205 1006 1239 ut
1022 1199 1252 1240 inveniam
1267 1203 1313 1241 te
1331 1199 1480 1241 solum

162 1277 208 1311 et
225 1273 427 1326 aperiam
444 1275 528 1315 tibi
545 1278 692 1315 totum
709 1287 789 1315 cor
804 1285 969 1323 meum,
990 1276 1036 1314 et
1050 1271 1179 1313 fruar
1193 1276 1255 1324 te,
1270 1273 1388 1315 sicut
1404 1273 1479 1314 de-

160 1342 336 1383 siderat
360 1345 511 1384 anima
536 1357 662 1394 mea,
691 1349 737 1385 et
755 1345 852 1398 jam
875 1356 948 1385 me
971 1354 1104 1384 nemo
1124 1342 1369 1397 despiciat,
1395 1356 1479 1385 neo

161 1412 254 1452 ulla
279 1419 491 1455 creatura
514 1427 587 1456 me
611 1419 796 1455 moveat
818 1413 895 1455 vel
914 1413 1157 1466 respiciat,
1183 1413 1331 1455 sedtu
1353 1414 1480 1455 solus

159 1481 269 1522 mihi
293 1484 497 1538 loquaris
524 1489 570 1526 et
595 1497 681 1539 ego
700 1484 805 1534 tibi,
832 1484 950 1524 sicut
973 1483 1094 1524 solet
1119 1483 1309 1525 dilectus
1338 1484 1396 1525 ad
1414 1484 1478 1524 di-

159 1552 327 1593 lectum
345 1554 473 1608 loqui
498 1560 545 1596 et
561 1556 732 1597 amicus
759 1567 859 1595 cum
885 1554 1031 1595 amico
1060 1552 1317 1594 convivari&
1372 1555 1477 1595 Hoc

161 1635 259 1674 oro,
275 1622 364 1665 hoc
381 1624 611 1676 desidero,
630 1629 679 1665 ut
693 1625 778 1666 tibi
794 1630 918 1666 totus
935 1625 1082 1675 uniar,
1093 1630 1138 1665 et
1154 1636 1235 1665 cor
1249 1637 1400 1665 meum
1418 1625 1474 1665 ab

159 1694 366 1735 omnibus
385 1696 554 1736 creatis
570 1695 707 1740 rebus
735 1693 1019 1744 abstraham,
1044 1695 1282 1748 magisque
1302 1707 1381 1748 per
1406 1707 1476 1735 εει·

157 1775 280 1804 cram
313 1765 678 1805 communionem
716 1777 770 1806 ac
800 1764 1087 1819 frequentem
1119 1764 1475 1817 celebrationem

156 1834 378 1874 coelestia
411 1839 457 1875 et
488 1839 678 1876 aeterna
710 1847 875 1887 sapere
907 1834 1095 1876 discam.
1152 1833 1243 1884 Ab,
1275 1835 1471 1876 Domine

153 1903 304 1953 Deus,
339 1904 520 1958 quando
548 1917 627 1946 ero
653 1909 805 1945 tecum
828 1908 954 1945 totus
978 1905 1130 1945 unitus
1159 1909 1205 1945 et
1230 1905 1472 1957 absorptus

153 1974 334 2027 meique
350 1975 558 2016 totaliter
576 1973 772 2016 oblitus&
829 1975 902 2016 Tu
924 1975 970 2015 in
994 1987 1065 2015 me
1092 1979 1138 2015 et
1163 1986 1249 2028 ego
1274 1975 1320 2014 in
1346 1979 1406 2020 te,
1427 1978 1473 2013 et

153 2043 222 2084 sic
236 2056 320 2084 nos
337 2046 512 2097 pariter
525 2045 573 2085 in
587 2057 726 2085 unum
742 2057 928 2086 manere
947 2044 1162 2086 concede.

237 2114 279 2154 2.
309 2114 431 2157 Vere
461 2119 513 2156 tu
545 2127 601 2157 es
643 2115 891 2156 dilectus
930 2127 1106 2165 meus,
1147 2113 1365 2155 electus
1406 2124 1471 2154 ex

243 2255 277 2286 2.
307 2252 449 2288 Cantic.
464 2257 497 2294 5,
517 2258 572 2289 10.
