<?xml version="1.0" encoding="UTF-8"?>
<!DOCTYPE html PUBLIC "-//W3C//DTD XHTML 1.0 Transitional//EN"
    "http://www.w3.org/TR/xhtml1/DTD/xhtml1-transitional.dtd">
<html xmlns="http://www.w3.org/1999/xhtml" xml:lang="en" lang="en">
 <head>
  <title>
</title>
<meta http-equiv="Content-Type" content="text/html;charset=utf-8" />
  <meta name='ocr-system' content='tesseract 3.04.00' />
  <meta name='ocr-capabilities' content='ocr_page ocr_carea ocr_par ocr_line ocrx_word'/>
</head>
<body>
  <div class='ocr_page' id='page_1' title='image "./thomaekempisde00thom_0066.png"; bbox 0 0 1530 2517; ppageno 0'>
   <div class='ocr_carea' id='block_1_1' title="bbox 136 142 1049 185">
    <p class='ocr_par' dir='ltr' id='par_1_1' title="bbox 136 142 1049 185">
     <span class='ocr_line' id='line_1_1' title="bbox 136 142 1049 185; baseline 0.002 -7"><span class='ocrx_word' id='word_1_1' title='bbox 136 146 189 185; x_wconf 79' lang='lat'>50</span> <span class='ocrx_word' id='word_1_2' title='bbox 547 142 630 178; x_wconf 90' lang='lat' dir='ltr'>DE</span> <span class='ocrx_word' id='word_1_3' title='bbox 663 143 1049 180; x_wconf 85' lang='lat' dir='ltr'><strong>IMITATIONE</strong></span> 
     </span>
    </p>
   </div>
   <div class='ocr_carea' id='block_1_2' title="bbox 132 238 1500 2315">
    <p class='ocr_par' dir='ltr' id='par_1_2' title="bbox 132 238 1458 772">
     <span class='ocr_line' id='line_1_2' title="bbox 136 238 1456 294; baseline -0.002 -11"><span class='ocrx_word' id='word_1_4' title='bbox 136 247 209 284; x_wconf 86' lang='lat' dir='ltr'>cta</span> <span class='ocrx_word' id='word_1_5' title='bbox 223 242 318 283; x_wconf 87' lang='lat' dir='ltr'>vita</span> <span class='ocrx_word' id='word_1_6' title='bbox 333 241 443 282; x_wconf 87' lang='lat' dir='ltr'>Jesu</span> <span class='ocrx_word' id='word_1_7' title='bbox 461 238 650 290; x_wconf 84' lang='lat' dir='ltr'><strong>Christi,</strong></span> <span class='ocrx_word' id='word_1_8' title='bbox 678 239 785 294; x_wconf 88' lang='lat' dir='ltr'>quia</span> <span class='ocrx_word' id='word_1_9' title='bbox 801 239 994 280; x_wconf 82' lang='lat' dir='ltr'>necdum</span> <span class='ocrx_word' id='word_1_10' title='bbox 1011 241 1156 294; x_wconf 85' lang='lat' dir='ltr'>magis</span> <span class='ocrx_word' id='word_1_11' title='bbox 1180 239 1249 280; x_wconf 91' lang='lat' dir='ltr'>illi</span> <span class='ocrx_word' id='word_1_12' title='bbox 1275 239 1456 280; x_wconf 82' lang='lat' dir='ltr'>consor--</span> 
     </span>
     <span class='ocr_line' id='line_1_3' title="bbox 136 308 1454 363; baseline -0.004 -9"><span class='ocrx_word' id='word_1_13' title='bbox 136 324 259 355; x_wconf 87' lang='lat' dir='ltr'>mare</span> <span class='ocrx_word' id='word_1_14' title='bbox 284 309 520 360; x_wconf 75' lang='lat' dir='ltr'><strong>studuisti,</strong></span> <span class='ocrx_word' id='word_1_15' title='bbox 547 309 656 351; x_wconf 88' lang='lat' dir='ltr'>licet</span> <span class='ocrx_word' id='word_1_16' title='bbox 680 309 758 350; x_wconf 91' lang='lat' dir='ltr'>diu</span> <span class='ocrx_word' id='word_1_17' title='bbox 780 309 827 349; x_wconf 92' lang='lat' dir='ltr'>in</span> <span class='ocrx_word' id='word_1_18' title='bbox 842 310 918 349; x_wconf 88' lang='lat' dir='ltr'>via</span> <span class='ocrx_word' id='word_1_19' title='bbox 933 310 1025 351; x_wconf 90' lang='lat' dir='ltr'>Dei</span> <span class='ocrx_word' id='word_1_20' title='bbox 1049 308 1192 351; x_wconf 80' lang='lat' dir='ltr'>fuisti.</span> <span class='ocrx_word' id='word_1_21' title='bbox 1252 310 1454 363; x_wconf 82' lang='lat' dir='ltr'>Religio-</span> 
     </span>
     <span class='ocr_line' id='line_1_4' title="bbox 134 379 1458 435; baseline -0.003 -12"><span class='ocrx_word' id='word_1_22' title='bbox 134 395 225 432; x_wconf 91' lang='lat' dir='ltr'>sus,</span> <span class='ocrx_word' id='word_1_23' title='bbox 260 382 337 435; x_wconf 87' lang='lat' dir='ltr'>qui</span> <span class='ocrx_word' id='word_1_24' title='bbox 361 393 411 421; x_wconf 92' lang='lat' dir='ltr'>se</span> <span class='ocrx_word' id='word_1_25' title='bbox 434 380 607 421; x_wconf 88' lang='lat' dir='ltr'>intente</span> <span class='ocrx_word' id='word_1_26' title='bbox 634 384 680 420; x_wconf 87' lang='lat' dir='ltr'>et</span> <span class='ocrx_word' id='word_1_27' title='bbox 710 379 875 420; x_wconf 91' lang='lat' dir='ltr'>devote</span> <span class='ocrx_word' id='word_1_28' title='bbox 900 380 945 419; x_wconf 89' lang='lat' dir='ltr'>in</span> <span class='ocrx_word' id='word_1_29' title='bbox 980 380 1268 420; x_wconf 85' lang='lat' dir='ltr'>sanctissima</span> <span class='ocrx_word' id='word_1_30' title='bbox 1291 380 1386 419; x_wconf 86' lang='lat' dir='ltr'>vita</span> <span class='ocrx_word' id='word_1_31' title='bbox 1411 384 1458 420; x_wconf 88' lang='lat' dir='ltr'>et</span> 
     </span>
     <span class='ocr_line' id='line_1_5' title="bbox 133 450 1456 505; baseline -0.002 -13"><span class='ocrx_word' id='word_1_32' title='bbox 133 451 349 505; x_wconf 85' lang='lat' dir='ltr'>passione</span> <span class='ocrx_word' id='word_1_33' title='bbox 365 450 553 492; x_wconf 88' lang='lat' dir='ltr'>Domini</span> <span class='ocrx_word' id='word_1_34' title='bbox 572 453 776 500; x_wconf 77' lang='lat' dir='ltr'>exercet,</span> <span class='ocrx_word' id='word_1_35' title='bbox 806 450 958 489; x_wconf 83' lang='lat' dir='ltr'>omnia</span> <span class='ocrx_word' id='word_1_36' title='bbox 981 450 1114 489; x_wconf 89' lang='lat' dir='ltr'>utilia</span> <span class='ocrx_word' id='word_1_37' title='bbox 1132 453 1177 490; x_wconf 88' lang='lat' dir='ltr'>et</span> <span class='ocrx_word' id='word_1_38' title='bbox 1193 450 1456 489; x_wconf 80' lang='lat' dir='ltr'>necessaria</span> 
     </span>
     <span class='ocr_line' id='line_1_6' title="bbox 136 520 1457 572; baseline -0.002 -11"><span class='ocrx_word' id='word_1_39' title='bbox 136 521 224 562; x_wconf 87' lang='lat' dir='ltr'>sibi</span> <span class='ocrx_word' id='word_1_40' title='bbox 241 520 525 561; x_wconf 78' lang='lat' dir='ltr'>abundanter</span> <span class='ocrx_word' id='word_1_41' title='bbox 548 520 609 559; x_wconf 89' lang='lat' dir='ltr'>ibi</span> <span class='ocrx_word' id='word_1_42' title='bbox 635 520 858 569; x_wconf 85' lang='lat' dir='ltr'>inveniet,</span> <span class='ocrx_word' id='word_1_43' title='bbox 885 532 970 560; x_wconf 88' lang='lat' dir='ltr'>nec</span> <span class='ocrx_word' id='word_1_44' title='bbox 997 532 1109 572; x_wconf 87' lang='lat' dir='ltr'>opus</span> <span class='ocrx_word' id='word_1_45' title='bbox 1138 524 1230 570; x_wconf 90' lang='lat' dir='ltr'>est,</span> <span class='ocrx_word' id='word_1_46' title='bbox 1256 524 1307 559; x_wconf 93' lang='lat' dir='ltr'>ut</span> <span class='ocrx_word' id='word_1_47' title='bbox 1325 524 1457 560; x_wconf 82' lang='lat' dir='ltr'>extra</span> 
     </span>
     <span class='ocr_line' id='line_1_7' title="bbox 133 588 1454 644; baseline -0.002 -12"><span class='ocrx_word' id='word_1_48' title='bbox 133 592 159 632; x_wconf 83' lang='lat' dir='ltr'>J</span> <span class='ocrx_word' id='word_1_49' title='bbox 163 604 288 632; x_wconf 89' lang='lat' dir='ltr'>esum</span> <span class='ocrx_word' id='word_1_50' title='bbox 306 589 478 644; x_wconf 85' lang='lat' dir='ltr'>aliquid</span> <span class='ocrx_word' id='word_1_51' title='bbox 494 588 656 632; x_wconf 89' lang='lat' dir='ltr'>melius</span> <span class='ocrx_word' id='word_1_52' title='bbox 677 592 880 641; x_wconf 82' lang='lat' dir='ltr'>quaerat.</span> <span class='ocrx_word' id='word_1_53' title='bbox 943 589 979 628; x_wconf 92' lang='grc' dir='ltr'><strong>Ο</strong></span> <span class='ocrx_word' id='word_1_54' title='bbox 999 589 1039 628; x_wconf 92' lang='lat' dir='ltr'>si</span> <span class='ocrx_word' id='word_1_55' title='bbox 1054 589 1080 629; x_wconf 88' lang='lat' dir='ltr'>J</span> <span class='ocrx_word' id='word_1_56' title='bbox 1085 601 1187 629; x_wconf 90' lang='lat' dir='ltr'>esus</span> <span class='ocrx_word' id='word_1_57' title='bbox 1214 590 1454 630; x_wconf 79' lang='lat' dir='ltr'>crucifixus</span> 
     </span>
     <span class='ocr_line' id='line_1_8' title="bbox 132 658 1455 712; baseline -0.002 -10"><span class='ocrx_word' id='word_1_58' title='bbox 132 662 179 701; x_wconf 93' lang='lat' dir='ltr'>in</span> <span class='ocrx_word' id='word_1_59' title='bbox 198 674 277 702; x_wconf 91' lang='lat' dir='ltr'>cor</span> <span class='ocrx_word' id='word_1_60' title='bbox 292 665 499 701; x_wconf 83' lang='lat' dir='ltr'>nostrum</span> <span class='ocrx_word' id='word_1_61' title='bbox 508 659 698 709; x_wconf 86' lang='lat' dir='ltr'>veniret,</span> <span class='ocrx_word' id='word_1_62' title='bbox 714 669 847 712; x_wconf 89' lang='lat' dir='ltr'>quam</span> <span class='ocrx_word' id='word_1_63' title='bbox 866 658 956 698; x_wconf 93' lang='lat' dir='ltr'>cito</span> <span class='ocrx_word' id='word_1_64' title='bbox 971 662 1017 699; x_wconf 86' lang='lat' dir='ltr'>et</span> <span class='ocrx_word' id='word_1_65' title='bbox 1033 659 1313 701; x_wconf 87' lang='lat' dir='ltr'>sufficienter</span> <span class='ocrx_word' id='word_1_66' title='bbox 1331 659 1455 700; x_wconf 89' lang='lat' dir='ltr'>docti</span> 
     </span>
     <span class='ocr_line' id='line_1_9' title="bbox 135 730 359 772; baseline -0.004 0"><span class='ocrx_word' id='word_1_67' title='bbox 135 730 359 772; x_wconf 83' lang='lat' dir='ltr'>essemus!</span> 
     </span>
    </p>

    <p class='ocr_par' dir='ltr' id='par_1_3' title="bbox 134 798 1500 1346">
     <span class='ocr_line' id='line_1_10' title="bbox 217 798 1452 854; baseline -0.002 -13"><span class='ocrx_word' id='word_1_68' title='bbox 217 803 258 842; x_wconf 91' lang='lat'>7.</span> <span class='ocrx_word' id='word_1_69' title='bbox 291 800 552 854; x_wconf 86' lang='lat' dir='ltr'>Religiosus</span> <span class='ocrx_word' id='word_1_70' title='bbox 570 798 773 840; x_wconf 89' lang='lat' dir='ltr'>fervidus</span> <span class='ocrx_word' id='word_1_71' title='bbox 786 799 939 839; x_wconf 87' lang='lat' dir='ltr'>omnia</span> <span class='ocrx_word' id='word_1_72' title='bbox 954 799 1071 840; x_wconf 90' lang='lat' dir='ltr'>bene</span> <span class='ocrx_word' id='word_1_73' title='bbox 1089 803 1245 853; x_wconf 84' lang='lat' dir='ltr'>portat</span> <span class='ocrx_word' id='word_1_74' title='bbox 1255 803 1300 840; x_wconf 91' lang='lat' dir='ltr'>et</span> <span class='ocrx_word' id='word_1_75' title='bbox 1318 801 1452 853; x_wconf 82' lang='lat' dir='ltr'>capit,</span> 
     </span>
     <span class='ocr_line' id='line_1_11' title="bbox 137 869 1500 926; baseline -0.001 -15"><span class='ocrx_word' id='word_1_76' title='bbox 137 883 253 926; x_wconf 88' lang='lat' dir='ltr'>quae</span> <span class='ocrx_word' id='word_1_77' title='bbox 278 870 348 911; x_wconf 89' lang='lat' dir='ltr'>illi</span> <span class='ocrx_word' id='word_1_78' title='bbox 368 871 597 924; x_wconf 86' lang='lat' dir='ltr'>jubentur.</span> <span class='ocrx_word' id='word_1_79' title='bbox 657 869 920 923; x_wconf 89' lang='lat' dir='ltr'>Religiosus</span> <span class='ocrx_word' id='word_1_80' title='bbox 945 870 1184 924; x_wconf 76' lang='lat' dir='ltr'>negligens</span> <span class='ocrx_word' id='word_1_81' title='bbox 1211 875 1258 912; x_wconf 88' lang='lat' dir='ltr'>et</span> <span class='ocrx_word' id='word_1_82' title='bbox 1273 871 1454 924; x_wconf 88' lang='lat' dir='ltr'>tepidus</span> <span class='ocrx_word' id='word_1_83' title='bbox 1498 893 1500 895; x_wconf 34' lang='lat' dir='ltr'>v</span> 
     </span>
     <span class='ocr_line' id='line_1_12' title="bbox 134 939 1457 992; baseline -0.001 -11"><span class='ocrx_word' id='word_1_84' title='bbox 134 940 275 982; x_wconf 78' lang='lat' dir='ltr'>habet</span> <span class='ocrx_word' id='word_1_85' title='bbox 289 940 633 981; x_wconf 71' lang='lat' dir='ltr'>tribulationem</span> <span class='ocrx_word' id='word_1_86' title='bbox 651 951 788 992; x_wconf 89' lang='lat' dir='ltr'>super</span> <span class='ocrx_word' id='word_1_87' title='bbox 802 939 1168 991; x_wconf 83' lang='lat' dir='ltr'>tribulationem,</span> <span class='ocrx_word' id='word_1_88' title='bbox 1197 945 1243 982; x_wconf 89' lang='lat' dir='ltr'>et</span> <span class='ocrx_word' id='word_1_89' title='bbox 1260 953 1317 982; x_wconf 84' lang='lat' dir='ltr'>ex</span> <span class='ocrx_word' id='word_1_90' title='bbox 1334 941 1457 981; x_wconf 88' lang='lat' dir='ltr'>omni</span> 
     </span>
     <span class='ocr_line' id='line_1_13' title="bbox 134 1010 1455 1065; baseline 0 -14"><span class='ocrx_word' id='word_1_91' title='bbox 134 1015 264 1065; x_wconf 83' lang='lat' dir='ltr'>parte</span> <span class='ocrx_word' id='word_1_92' title='bbox 282 1011 456 1064; x_wconf 86' lang='lat' dir='ltr'>patitur</span> <span class='ocrx_word' id='word_1_93' title='bbox 473 1011 751 1064; x_wconf 80' lang='lat' dir='ltr'>angustiam,</span> <span class='ocrx_word' id='word_1_94' title='bbox 779 1010 887 1063; x_wconf 88' lang='lat' dir='ltr'>quia</span> <span class='ocrx_word' id='word_1_95' title='bbox 910 1010 1120 1050; x_wconf 87' lang='lat' dir='ltr'>interiori</span> <span class='ocrx_word' id='word_1_96' title='bbox 1138 1011 1455 1056; x_wconf 84' lang='lat' dir='ltr'>consolatione</span> 
     </span>
     <span class='ocr_line' id='line_1_14' title="bbox 137 1078 1453 1135; baseline -0.002 -13"><span class='ocrx_word' id='word_1_97' title='bbox 137 1085 264 1122; x_wconf 89' lang='lat' dir='ltr'>caret</span> <span class='ocrx_word' id='word_1_98' title='bbox 290 1085 336 1122; x_wconf 89' lang='lat' dir='ltr'>et</span> <span class='ocrx_word' id='word_1_99' title='bbox 361 1081 636 1121; x_wconf 81' lang='lat' dir='ltr'>exteriorem</span> <span class='ocrx_word' id='word_1_100' title='bbox 663 1091 884 1134; x_wconf 79' lang='lat' dir='ltr'>quaerere</span> <span class='ocrx_word' id='word_1_101' title='bbox 908 1078 1191 1133; x_wconf 81' lang='lat' dir='ltr'>prohibetur.</span> <span class='ocrx_word' id='word_1_102' title='bbox 1251 1081 1453 1135; x_wconf 86' lang='lat' dir='ltr'>Religio-</span> 
     </span>
     <span class='ocr_line' id='line_1_15' title="bbox 137 1150 1458 1204; baseline -0.001 -12"><span class='ocrx_word' id='word_1_103' title='bbox 137 1165 213 1192; x_wconf 91' lang='lat' dir='ltr'>sus</span> <span class='ocrx_word' id='word_1_104' title='bbox 233 1155 362 1193; x_wconf 84' lang='lat' dir='ltr'>extra</span> <span class='ocrx_word' id='word_1_105' title='bbox 379 1150 664 1203; x_wconf 85' lang='lat' dir='ltr'>disciplinam</span> <span class='ocrx_word' id='word_1_106' title='bbox 681 1150 836 1190; x_wconf 85' lang='lat' dir='ltr'>vivens</span> <span class='ocrx_word' id='word_1_107' title='bbox 855 1150 985 1204; x_wconf 86' lang='lat' dir='ltr'>gravi</span> <span class='ocrx_word' id='word_1_108' title='bbox 1000 1155 1129 1204; x_wconf 85' lang='lat' dir='ltr'>patet</span> <span class='ocrx_word' id='word_1_109' title='bbox 1142 1151 1318 1193; x_wconf 83' lang='lat' dir='ltr'>ruinae.</span> <span class='ocrx_word' id='word_1_110' title='bbox 1369 1151 1458 1200; x_wconf 77' lang='lat' dir='ltr'>Qui</span> 
     </span>
     <span class='ocr_line' id='line_1_16' title="bbox 135 1220 1455 1276; baseline 0.001 -15"><span class='ocrx_word' id='word_1_111' title='bbox 135 1221 316 1262; x_wconf 79' lang='lat' dir='ltr'>laxiora</span> <span class='ocrx_word' id='word_1_112' title='bbox 349 1221 527 1276; x_wconf 87' lang='lat' dir='ltr'>quaerit</span> <span class='ocrx_word' id='word_1_113' title='bbox 552 1224 597 1261; x_wconf 89' lang='lat' dir='ltr'>et</span> <span class='ocrx_word' id='word_1_114' title='bbox 626 1220 915 1270; x_wconf 83' lang='lat' dir='ltr'>remissior-a,</span> <span class='ocrx_word' id='word_1_115' title='bbox 949 1233 1131 1274; x_wconf 86' lang='lat' dir='ltr'>semper</span> <span class='ocrx_word' id='word_1_116' title='bbox 1152 1221 1199 1261; x_wconf 89' lang='lat' dir='ltr'>in</span> <span class='ocrx_word' id='word_1_117' title='bbox 1233 1222 1455 1275; x_wconf 84' lang='lat' dir='ltr'>angustiis</span> 
     </span>
     <span class='ocr_line' id='line_1_17' title="bbox 140 1291 1348 1346; baseline -0.002 -13"><span class='ocrx_word' id='word_1_118' title='bbox 140 1293 241 1342; x_wconf 87' lang='lat' dir='ltr'>erit,</span> <span class='ocrx_word' id='word_1_119' title='bbox 262 1291 367 1346; x_wconf 89' lang='lat' dir='ltr'>quia</span> <span class='ocrx_word' id='word_1_120' title='bbox 386 1295 464 1337; x_wconf 84' lang='lat' dir='ltr'>aut</span> <span class='ocrx_word' id='word_1_121' title='bbox 477 1303 615 1330; x_wconf 90' lang='lat' dir='ltr'>unum</span> <span class='ocrx_word' id='word_1_122' title='bbox 633 1295 711 1331; x_wconf 86' lang='lat' dir='ltr'>aut</span> <span class='ocrx_word' id='word_1_123' title='bbox 725 1291 952 1345; x_wconf 89' lang='lat' dir='ltr'>reliquum</span> <span class='ocrx_word' id='word_1_124' title='bbox 970 1291 1058 1332; x_wconf 88' lang='lat' dir='ltr'>sibi</span> <span class='ocrx_word' id='word_1_125' title='bbox 1076 1291 1348 1345; x_wconf 87' lang='lat' dir='ltr'>displicebit.</span> 
     </span>
    </p>

    <p class='ocr_par' dir='ltr' id='par_1_4' title="bbox 137 1360 1462 2186">
     <span class='ocr_line' id='line_1_18' title="bbox 219 1360 1458 1416; baseline 0 -14"><span class='ocrx_word' id='word_1_126' title='bbox 219 1362 258 1402; x_wconf 83' lang='lat'>8.</span> <span class='ocrx_word' id='word_1_127' title='bbox 294 1361 534 1411; x_wconf 78' lang='lat' dir='ltr'>Quomodo</span> <span class='ocrx_word' id='word_1_128' title='bbox 561 1360 736 1402; x_wconf 85' lang='lat' dir='ltr'>faciunt</span> <span class='ocrx_word' id='word_1_129' title='bbox 758 1365 853 1401; x_wconf 87' lang='lat' dir='ltr'>tam</span> <span class='ocrx_word' id='word_1_130' title='bbox 876 1361 1008 1402; x_wconf 91' lang='lat' dir='ltr'>multi</span> <span class='ocrx_word' id='word_1_131' title='bbox 1025 1361 1106 1402; x_wconf 85' lang='lat' dir='ltr'>alii</span> <span class='ocrx_word' id='word_1_132' title='bbox 1119 1362 1352 1416; x_wconf 83' lang='lat' dir='ltr'>religiosi,</span> <span class='ocrx_word' id='word_1_133' title='bbox 1381 1363 1458 1416; x_wconf 88' lang='lat' dir='ltr'>qui</span> 
     </span>
     <span class='ocr_line' id='line_1_19' title="bbox 137 1430 1457 1486; baseline 0.001 -14"><span class='ocrx_word' id='word_1_134' title='bbox 137 1432 249 1473; x_wconf 84' lang='lat' dir='ltr'>satis</span> <span class='ocrx_word' id='word_1_135' title='bbox 283 1432 447 1473; x_wconf 84' lang='lat' dir='ltr'>arctati</span> <span class='ocrx_word' id='word_1_136' title='bbox 484 1435 589 1472; x_wconf 89' lang='lat' dir='ltr'>sunt</span> <span class='ocrx_word' id='word_1_137' title='bbox 619 1432 702 1472; x_wconf 93' lang='lat' dir='ltr'>sub</span> <span class='ocrx_word' id='word_1_138' title='bbox 743 1431 984 1486; x_wconf 86' lang='lat' dir='ltr'>disciplina</span> <span class='ocrx_word' id='word_1_139' title='bbox 1025 1430 1289 1476; x_wconf 55' lang='lat' dir='ltr'>claustrali}</span> <span class='ocrx_word' id='word_1_140' title='bbox 1335 1432 1457 1473; x_wconf 83' lang='lat' dir='ltr'>Raro</span> 
     </span>
     <span class='ocr_line' id='line_1_20' title="bbox 140 1501 1459 1556; baseline -0.002 -12"><span class='ocrx_word' id='word_1_141' title='bbox 140 1506 328 1553; x_wconf 78' lang='lat' dir='ltr'>exeunt,</span> <span class='ocrx_word' id='word_1_142' title='bbox 376 1502 604 1546; x_wconf 85' lang='lat' dir='ltr'>abstracte</span> <span class='ocrx_word' id='word_1_143' title='bbox 643 1502 819 1552; x_wconf 87' lang='lat' dir='ltr'>vivunt,</span> <span class='ocrx_word' id='word_1_144' title='bbox 867 1503 1157 1556; x_wconf 84' lang='lat' dir='ltr'>pauperrime</span> <span class='ocrx_word' id='word_1_145' title='bbox 1203 1501 1459 1553; x_wconf 86' lang='lat' dir='ltr'>comedunt,</span> 
     </span>
     <span class='ocr_line' id='line_1_21' title="bbox 139 1571 1460 1627; baseline -0.001 -14"><span class='ocrx_word' id='word_1_146' title='bbox 139 1584 301 1627; x_wconf 80' lang='lat' dir='ltr'>grosse</span> <span class='ocrx_word' id='word_1_147' title='bbox 323 1572 591 1622; x_wconf 88' lang='lat' dir='ltr'>vestiuntur,</span> <span class='ocrx_word' id='word_1_148' title='bbox 617 1571 807 1612; x_wconf 91' lang='lat' dir='ltr'>multum</span> <span class='ocrx_word' id='word_1_149' title='bbox 832 1571 1066 1622; x_wconf 88' lang='lat' dir='ltr'>laborant,</span> <span class='ocrx_word' id='word_1_150' title='bbox 1092 1584 1252 1625; x_wconf 85' lang='lat' dir='ltr'>parum</span> <span class='ocrx_word' id='word_1_151' title='bbox 1268 1573 1460 1627; x_wconf 89' lang='lat' dir='ltr'>loquun-</span> 
     </span>
     <span class='ocr_line' id='line_1_22' title="bbox 137 1641 1459 1696; baseline -0.001 -13"><span class='ocrx_word' id='word_1_152' title='bbox 137 1649 226 1693; x_wconf 86' lang='lat' dir='ltr'>tur,</span> <span class='ocrx_word' id='word_1_153' title='bbox 254 1642 331 1683; x_wconf 89' lang='lat' dir='ltr'>diu</span> <span class='ocrx_word' id='word_1_154' title='bbox 345 1641 551 1695; x_wconf 84' lang='lat' dir='ltr'>vigilant,</span> <span class='ocrx_word' id='word_1_155' title='bbox 577 1646 753 1682; x_wconf 86' lang='lat' dir='ltr'>mature</span> <span class='ocrx_word' id='word_1_156' title='bbox 779 1646 991 1695; x_wconf 87' lang='lat' dir='ltr'>surgunt,</span> <span class='ocrx_word' id='word_1_157' title='bbox 1026 1643 1258 1683; x_wconf 86' lang='lat' dir='ltr'>orationes</span> <span class='ocrx_word' id='word_1_158' title='bbox 1276 1643 1459 1696; x_wconf 88' lang='lat' dir='ltr'>prolon-</span> 
     </span>
     <span class='ocr_line' id='line_1_23' title="bbox 139 1711 1458 1767; baseline 0.001 -15"><span class='ocrx_word' id='word_1_159' title='bbox 139 1717 271 1767; x_wconf 85' lang='lat' dir='ltr'>gant,</span> <span class='ocrx_word' id='word_1_160' title='bbox 298 1711 562 1766; x_wconf 88' lang='lat' dir='ltr'>frequenter</span> <span class='ocrx_word' id='word_1_161' title='bbox 586 1711 746 1765; x_wconf 84' lang='lat' dir='ltr'>legunt</span> <span class='ocrx_word' id='word_1_162' title='bbox 769 1716 816 1752; x_wconf 89' lang='lat' dir='ltr'>et</span> <span class='ocrx_word' id='word_1_163' title='bbox 840 1724 889 1752; x_wconf 90' lang='lat' dir='ltr'>se</span> <span class='ocrx_word' id='word_1_164' title='bbox 906 1712 952 1751; x_wconf 91' lang='lat' dir='ltr'>in</span> <span class='ocrx_word' id='word_1_165' title='bbox 979 1713 1103 1752; x_wconf 91' lang='lat' dir='ltr'>omni</span> <span class='ocrx_word' id='word_1_166' title='bbox 1127 1712 1368 1766; x_wconf 85' lang='lat' dir='ltr'>disciplina</span> <span class='ocrx_word' id='word_1_167' title='bbox 1386 1726 1458 1753; x_wconf 89' lang='lat' dir='ltr'>cu·</span> 
     </span>
     <span class='ocr_line' id='line_1_24' title="bbox 141 1780 1461 1833; baseline -0.002 -10"><span class='ocrx_word' id='word_1_168' title='bbox 141 1782 360 1828; x_wconf 87' lang='lat' dir='ltr'>stodiunt.</span> <span class='ocrx_word' id='word_1_169' title='bbox 419 1780 614 1822; x_wconf 86' lang='lat' dir='ltr'>Attende</span> <span class='ocrx_word' id='word_1_170' title='bbox 648 1780 1017 1833; x_wconf 78' lang='lat' dir='ltr'>carthusienses,</span> <span class='ocrx_word' id='word_1_171' title='bbox 1053 1783 1382 1824; x_wconf 78' lang='lat' dir='ltr'>cistercienses</span> <span class='ocrx_word' id='word_1_172' title='bbox 1416 1786 1461 1822; x_wconf 88' lang='lat' dir='ltr'>et</span> 
     </span>
     <span class='ocr_line' id='line_1_25' title="bbox 141 1841 1461 1906; baseline -0.001 -14"><span class='ocrx_word' id='word_1_173' title='bbox 141 1852 350 1895; x_wconf 83' lang='lat' dir='ltr'>diversae</span> <span class='ocrx_word' id='word_1_174' title='bbox 373 1851 611 1905; x_wconf 86' lang='lat' dir='ltr'>religionis</span> <span class='ocrx_word' id='word_1_175' title='bbox 636 1850 885 1893; x_wconf 88' lang='lat' dir='ltr'>monachos</span> <span class='ocrx_word' id='word_1_176' title='bbox 912 1864 967 1893; x_wconf 87' lang='lat' dir='ltr'>ac</span> <span class='ocrx_word' id='word_1_177' title='bbox 989 1852 1235 1903; x_wconf 87' lang='lat' dir='ltr'>moniales,</span> <span class='ocrx_word' id='word_1_178' title='bbox 1264 1841 1461 1906; x_wconf 84' lang='lat' dir='ltr'>qualiter</span> 
     </span>
     <span class='ocr_line' id='line_1_26' title="bbox 143 1920 1462 1976; baseline -0.002 -13"><span class='ocrx_word' id='word_1_179' title='bbox 143 1923 265 1963; x_wconf 91' lang='lat' dir='ltr'>omni</span> <span class='ocrx_word' id='word_1_180' title='bbox 288 1926 421 1969; x_wconf 92' lang='lat' dir='ltr'>nocte</span> <span class='ocrx_word' id='word_1_181' title='bbox 456 1920 514 1961; x_wconf 89' lang='lat' dir='ltr'>ad</span> <span class='ocrx_word' id='word_1_182' title='bbox 545 1921 830 1974; x_wconf 85' lang='lat' dir='ltr'>psallendum</span> <span class='ocrx_word' id='word_1_183' title='bbox 852 1922 1051 1963; x_wconf 92' lang='lat' dir='ltr'>Domino</span> <span class='ocrx_word' id='word_1_184' title='bbox 1088 1926 1343 1976; x_wconf 88' lang='lat' dir='ltr'>assurgunt.</span> <span class='ocrx_word' id='word_1_185' title='bbox 1402 1922 1462 1961; x_wconf 84' lang='lat' dir='ltr'>Et</span> 
     </span>
     <span class='ocr_line' id='line_1_27' title="bbox 140 1992 1460 2046; baseline -0.002 -13"><span class='ocrx_word' id='word_1_186' title='bbox 140 1993 247 2033; x_wconf 90' lang='lat' dir='ltr'>ideo</span> <span class='ocrx_word' id='word_1_187' title='bbox 273 1997 404 2046; x_wconf 88' lang='lat' dir='ltr'>turpe</span> <span class='ocrx_word' id='word_1_188' title='bbox 429 1996 572 2042; x_wconf 86' lang='lat' dir='ltr'>esset,</span> <span class='ocrx_word' id='word_1_189' title='bbox 598 1996 648 2032; x_wconf 88' lang='lat' dir='ltr'>ut</span> <span class='ocrx_word' id='word_1_190' title='bbox 671 1997 722 2032; x_wconf 89' lang='lat' dir='ltr'>tu</span> <span class='ocrx_word' id='word_1_191' title='bbox 747 1992 938 2033; x_wconf 89' lang='lat' dir='ltr'>deberes</span> <span class='ocrx_word' id='word_1_192' title='bbox 962 1993 1009 2032; x_wconf 88' lang='lat' dir='ltr'>in</span> <span class='ocrx_word' id='word_1_193' title='bbox 1032 1997 1126 2033; x_wconf 87' lang='lat' dir='ltr'>tam</span> <span class='ocrx_word' id='word_1_194' title='bbox 1143 1997 1299 2033; x_wconf 84' lang='lat' dir='ltr'>sancto</span> <span class='ocrx_word' id='word_1_195' title='bbox 1320 2003 1460 2044; x_wconf 89' lang='lat' dir='ltr'>opere</span> 
     </span>
     <span class='ocr_line' id='line_1_28' title="bbox 142 2061 1461 2118; baseline -0.001 -16"><span class='ocrx_word' id='word_1_196' title='bbox 142 2063 379 2116; x_wconf 82' lang='lat' dir='ltr'>pigritare,</span> <span class='ocrx_word' id='word_1_197' title='bbox 412 2063 491 2103; x_wconf 89' lang='lat' dir='ltr'>ubi</span> <span class='ocrx_word' id='word_1_198' title='bbox 520 2066 650 2106; x_wconf 74' lang='lat' dir='ltr'>tanta</span> <span class='ocrx_word' id='word_1_199' title='bbox 679 2062 920 2104; x_wconf 88' lang='lat' dir='ltr'>multitudo</span> <span class='ocrx_word' id='word_1_200' title='bbox 946 2063 1270 2118; x_wconf 87' lang='lat' dir='ltr'>religiosorum</span> <span class='ocrx_word' id='word_1_201' title='bbox 1300 2061 1461 2115; x_wconf 83' lang='lat' dir='ltr'>incipit</span> 
     </span>
     <span class='ocr_line' id='line_1_29' title="bbox 145 2133 472 2186; baseline -0.006 -12"><span class='ocrx_word' id='word_1_202' title='bbox 145 2134 246 2174; x_wconf 89' lang='lat' dir='ltr'>Deo</span> <span class='ocrx_word' id='word_1_203' title='bbox 261 2133 472 2186; x_wconf 83' lang='lat' dir='ltr'>jubilare.</span> 
     </span>
    </p>

    <p class='ocr_par' dir='ltr' id='par_1_5' title="bbox 147 2201 1461 2315">
     <span class='ocr_line' id='line_1_30' title="bbox 228 2201 1461 2252; baseline -0.002 -8"><span class='ocrx_word' id='word_1_204' title='bbox 228 2203 267 2244; x_wconf 81' lang='lat'>9.</span> <span class='ocrx_word' id='word_1_205' title='bbox 302 2203 338 2244; x_wconf 93' lang='grc' dir='ltr'><strong>Ο</strong></span> <span class='ocrx_word' id='word_1_206' title='bbox 358 2204 397 2243; x_wconf 92' lang='lat' dir='ltr'>si</span> <span class='ocrx_word' id='word_1_207' title='bbox 412 2201 526 2243; x_wconf 90' lang='lat' dir='ltr'>nihil</span> <span class='ocrx_word' id='word_1_208' title='bbox 542 2202 666 2243; x_wconf 91' lang='lat' dir='ltr'>aliud</span> <span class='ocrx_word' id='word_1_209' title='bbox 682 2201 940 2243; x_wconf 87' lang='lat' dir='ltr'>faciendum</span> <span class='ocrx_word' id='word_1_210' title='bbox 956 2203 1251 2252; x_wconf 88' lang='lat' dir='ltr'>incumberet,</span> <span class='ocrx_word' id='word_1_211' title='bbox 1269 2201 1461 2242; x_wconf 91' lang='lat' dir='ltr'>nisiDo-</span> 
     </span>
     <span class='ocr_line' id='line_1_31' title="bbox 147 2270 1458 2315; baseline -0.001 -2"><span class='ocrx_word' id='word_1_212' title='bbox 147 2275 316 2313; x_wconf 86' lang='lat' dir='ltr'>minum</span> <span class='ocrx_word' id='word_1_213' title='bbox 339 2273 487 2314; x_wconf 91' lang='lat' dir='ltr'>Deum</span> <span class='ocrx_word' id='word_1_214' title='bbox 511 2278 716 2314; x_wconf 87' lang='lat' dir='ltr'>nostrum</span> <span class='ocrx_word' id='word_1_215' title='bbox 740 2277 838 2315; x_wconf 89' lang='lat' dir='ltr'>toto</span> <span class='ocrx_word' id='word_1_216' title='bbox 867 2272 1004 2314; x_wconf 84' lang='lat' dir='ltr'>corde</span> <span class='ocrx_word' id='word_1_217' title='bbox 1023 2277 1069 2314; x_wconf 88' lang='lat' dir='ltr'>et</span> <span class='ocrx_word' id='word_1_218' title='bbox 1087 2285 1165 2314; x_wconf 90' lang='lat' dir='ltr'>ore</span> <span class='ocrx_word' id='word_1_219' title='bbox 1183 2270 1393 2313; x_wconf 82' lang='lat' dir='ltr'>laudare!</span> <span class='ocrx_word' id='word_1_220' title='bbox 1422 2272 1458 2312; x_wconf 93' lang='grc' dir='ltr'><strong>Ο</strong></span> 
     </span>
    </p>
   </div>
  </div>
 </body>
</html>
