1530 2517
121 124 202 165 158
521 119 605 156 DE
643 116 1043 154 IMITATIONE

534 380 796 428 CAPUT
855 378 1029 423 XLV.

177 500 308 552 Quod
340 497 537 540 omnibus
568 509 659 538 non
693 501 758 536 est
787 493 1061 544 credendam,
1097 499 1139 534 et
1174 493 1224 534 de
1245 492 1386 550 facili

577 567 701 620 lapsu
731 563 978 606 verborum.

200 715 240 754 1.
271 699 328 756 D
343 729 370 756 a
408 712 521 755 mihi
562 713 856 763 auxilium,
896 711 1119 761 Domine,
1161 710 1224 750 de
1267 709 1438 751 tribu-

115 789 359 838 latione,
409 787 539 840 quia
579 796 722 825 vana
767 783 924 823 salus
971 781 1228 823 hominis.
1296 781 1443 830 Quam

116 872 255 912 saepe
279 857 345 899 ibi
368 869 460 896 non
484 855 637 896 inveni
661 854 820 904 fidem,
853 854 933 894 ubi
959 865 1033 893 me
1064 850 1236 893 habere
1260 850 1443 905 putavi'}
1502 874 1506 882 η»

119 929 311 979 Quoties
331 927 469 968 etiam
483 926 550 966 ibi
564 925 733 978 reperi,
745 924 824 964 ubi
839 923 987 964 minus
1000 920 1280 976 praesumsi}
1310 922 1444 964 Vana

119 1011 229 1053 ergo
248 1010 354 1052 spes
377 997 425 1036 in
442 994 700 1036 hominibus
712 1024 723 1044 ,
754 993 878 1034 salus
905 997 1058 1033 autem
1071 993 1301 1046 justorum
1316 993 1364 1033 in
1380 997 1441 1043 te,

114 1070 258 1111 Deus.
318 1066 597 1110 Benedictus
614 1065 693 1115 sis,
710 1064 909 1105 Domine
925 1065 1053 1105 Deus
1071 1075 1215 1113 meus,
1235 1063 1283 1103 in
1302 1063 1444 1103 omni-

115 1141 224 1191 bus,
254 1150 370 1193 quae
390 1135 602 1177 accidunt
617 1134 764 1174 nobis.
823 1134 995 1175 Infirmi
1011 1146 1165 1174 sumus
1194 1137 1239 1174 et
1253 1133 1441 1174 instabi-

116 1211 200 1261 les,
221 1210 312 1250 cito
331 1207 536 1248 fallimur
555 1210 602 1246 et
616 1209 942 1259 permutamus.

199 1282 240 1320 2.
274 1278 387 1328 Quis
406 1281 476 1319 est
491 1275 645 1326 homo,
660 1275 736 1329 qui
752 1275 819 1314 ita
837 1278 969 1315 caute
988 1278 1035 1315 et
1052 1274 1379 1327 circumspecte
1395 1274 1442 1313 in

119 1350 327 1392 omnibus
346 1361 395 1390 se
414 1346 646 1388 custodire
662 1345 808 1395 valet,
834 1349 886 1385 ut
909 1343 1156 1399 aliquando
1174 1343 1221 1384 in
1242 1343 1443 1397 aliquam

117 1419 436 1473 deceptionem
451 1417 526 1458 vel
541 1416 893 1470 perplexitatem
908 1427 1001 1455 non
1016 1412 1198 1456 veniat'k
1256 1413 1349 1455 Sed
1367 1414 1444 1467 qui

115 1493 163 1532 in
179 1496 241 1542 te,
258 1489 473 1538 Domine,
495 1486 684 1528 confidit
703 1498 757 1527 ac
773 1484 970 1538 simplici
998 1496 1055 1525 ex
1080 1484 1220 1525 corde
1247 1485 1441 1538 quaerit,

116 1573 207 1602 non
232 1567 328 1601 tam
351 1558 489 1599 facile
522 1557 706 1598 labitur.
765 1555 827 1596 Et
857 1556 897 1596 si
926 1554 1142 1596 inciderit
1163 1555 1210 1595 in
1243 1555 1443 1608 aliquam

115 1631 482 1679 tribulationem,
510 1638 781 1682 quocunque
807 1624 946 1665 modo
974 1624 1115 1666 fuerit
1139 1625 1276 1665 etiam
1296 1624 1442 1677 impli-

120 1707 263 1752 catus,
277 1701 409 1742 citius
425 1711 509 1754 per
524 1702 570 1738 te
591 1701 778 1738 eruetur
795 1699 874 1735 aut
891 1707 918 1734 a
933 1699 979 1735 te
999 1694 1325 1745 consolabitur,
1338 1695 1445 1748 quia

117 1777 168 1813 tu
186 1784 276 1812 non
295 1771 482 1811 deseres
498 1769 546 1808 in
561 1772 609 1808 te
634 1770 896 1820 sperantem
919 1777 1064 1819 usque
1083 1765 1130 1804 in
1146 1765 1297 1821 finem,
1356 1765 1444 1804 Ra-

116 1855 196 1884 rus
215 1841 331 1882 fidus
351 1840 522 1880 amicus
538 1839 585 1877 in
605 1834 777 1877 cunctis
797 1837 931 1877 amici
945 1846 1246 1889 perseverans
1262 1846 1444 1888 pressu-

117 1913 197 1954 ris.
245 1912 331 1961 Tu,
347 1909 561 1958 Domine,
580 1911 630 1947 tu
647 1906 774 1947 solus
794 1919 842 1947 es
859 1905 1153 1947 fidelissimus
1169 1905 1216 1944 in
1235 1904 1442 1944 omnibus

122 1987 167 2023 et
182 1986 370 2036 praeter
386 1984 432 2020 te
448 1992 541 2019 non
559 1982 630 2018 est
647 1976 765 2017 alter
780 1976 904 2017 talis.

205 2052 244 2092 3.
279 2051 316 2092 Ο
337 2062 471 2104 quam
486 2049 603 2089 bene
623 2047 775 2101 sapuit
790 2050 950 2087 sancta
965 2045 1048 2086 illa
1066 2044 1230 2094 anima,
1244 2054 1360 2097 quae
1378 2042 1443 2083 di-

119 2123 208 2172 xit,
244 2125 403 2162 sancta
433 2117 636 2173 Agatha:
682 2118 814 2159 Mens
846 2129 951 2157 mea
983 2116 1186 2157 solidata
1220 2120 1289 2156 est
1321 2118 1366 2155 et
1396 2115 1444 2155 in

216 2264 248 2295 1.
275 2258 417 2294 Psalm.
437 2261 480 2293 59
501 2259 595 2303 (60),
616 2260 672 2292 13.
