1530 2517
292 133 554 177 CHRISTI
609 136 719 174 LIR.
749 136 780 171 1.
814 137 934 174 CAP.
966 139 1116 175 12.13.
1306 136 1360 179 19

454 315 718 363 CAPUT
779 317 940 362 XIII.

336 415 407 458 De
442 417 760 458 tentationibus
793 417 1054 459 resistendis.

113 552 154 592 1.
187 532 429 604 Quamdiu
444 552 490 591 in
515 551 683 593 mundo
702 553 917 611 vivimus,
944 554 1041 594 sine
1056 552 1354 594 tribulatione

32 628 79 665 et
115 624 369 666 tentatione
411 636 512 665 esse
551 636 643 664 non
681 636 937 678 possumus.
1019 624 1148 665 Unde
1188 626 1233 665 in
1271 625 1354 666 Iob

30 695 246 749 scriptum
267 700 355 736 est:
383 695 650 735 Tentatio
679 698 763 734 est
785 695 902 734 vita
925 693 1161 736 humana
1185 709 1356 749 super

29 770 254 807 terram.
313 764 423 806 Ideo
449 765 759 819 unusquisque
786 764 1010 805 sollicitus
1038 779 1138 806 esse
1165 766 1356 807 deberet

31 837 155 877 circa
168 836 449 876 tentationes
467 847 572 875 suas
585 865 597 885 ‚
627 839 672 874 et
686 834 880 887 vigilare
896 835 942 874 in
962 836 1247 876 orationibus
1259 867 1271 886 ,
1297 850 1354 877 ne

31 905 243 947 diabolus
275 905 427 946 locum
456 905 682 945 inveniret
713 904 984 958 decipiendi,
1020 906 1097 960 qui
1126 919 1355 961 nunquam

31 976 273 1026 dormitat,
322 974 405 1016 sed
451 975 662 1015 circuit
708 988 1013 1029 quaerens,
1065 989 1223 1031 quem
1271 977 1355 1018 de-

29 1060 57 1087 v
69 1050 206 1087 oret.
264 1044 412 1087 Nemo
428 1048 523 1085 tam
538 1044 771 1098 perfectus
791 1050 861 1088 est
878 1051 923 1087 et
939 1051 1120 1088 sanctus
1132 1078 1144 1098 ,
1173 1048 1355 1101 quinon

31 1115 202 1157 habeat
219 1115 465 1171 aliquando
482 1116 777 1168 tentationes,
791 1121 838 1158 et
851 1117 985 1170 plene
1004 1118 1070 1158 eis
1090 1130 1247 1158 carere
1265 1131 1357 1159 non

29 1200 287 1242 possumus.

116 1260 156 1298 2.
190 1258 305 1300 Sunt
334 1262 488 1298 tamen
517 1258 796 1299 tentationes
837 1257 1011 1299 homini
1051 1271 1190 1312 saepe
1223 1258 1356 1298 valde

31 1328 185 1379 utiles,
197 1328 307 1369 licet
321 1328 546 1368 molestae
564 1328 654 1368 sint
672 1333 717 1368 et
733 1341 912 1382 graves,
926 1329 1032 1382 quia
1046 1329 1093 1368 in
1109 1329 1200 1368 illis
1218 1327 1355 1368 homo

33 1398 312 1449 humiliatur,
330 1402 555 1452 purgatur
573 1402 619 1439 et
636 1398 854 1439 eruditur.
917 1400 1084 1439 Omnes
1104 1397 1259 1439 Sancti
1275 1410 1358 1450 per

31 1469 199 1510 multas
238 1468 560 1509 tribulationes
603 1473 649 1509 et
685 1468 963 1509 tentationes
1002 1468 1284 1508 transierunt
1314 1471 1360 1507 et

32 1539 344 1594 profecerunt.
417 1539 479 1579 Et
510 1539 588 1593 qui
625 1539 904 1579 tentationes
945 1538 1169 1578 sustinere
1202 1538 1359 1591 nequi-

34 1614 209 1661 verunt,
240 1609 430 1663 reprobi
461 1607 575 1649 facti
606 1612 710 1649 sunt
744 1612 789 1648 et
821 1606 1101 1649 defecerunt.
1160 1606 1265 1648 Non
1292 1612 1362 1647 est

37 1681 203 1736 aliquis
223 1679 336 1721 ordo
354 1683 449 1720 tam
473 1683 655 1720 sanctus
674 1691 758 1719 nec
773 1678 902 1719 locus
919 1682 1014 1718 tam
1030 1681 1256 1727 secretus,
1283 1677 1362 1718 ubi

36 1765 128 1792 non
145 1751 236 1792 sint
251 1751 531 1792 tentationes
547 1749 623 1790 vel
641 1749 957 1790 adversitates.

122 1821 162 1862 3.
193 1820 299 1862 Non
333 1825 402 1861 est
432 1818 569 1860 homo
603 1831 791 1860 securus
825 1832 851 1858 a
882 1819 1210 1860 tentationibus
1240 1823 1360 1859 tota-

37 1893 165 1942 liter,
186 1890 402 1946 quamdiu
417 1890 605 1941 vixerit,
634 1890 742 1944 quia
756 1890 802 1930 in
819 1890 950 1930 nobis
971 1895 1061 1941 est,
1079 1889 1199 1930 unde
1216 1892 1362 1929 tenta-

38 1975 160 2013 mur,
181 1974 236 2003 ex
255 1974 342 2016 quo
361 1962 406 2001 in
426 1960 794 2014 concupiscentia
810 1961 906 2000 nati
923 1974 1091 2001 sumus.
1150 1960 1250 2001 Una
1265 1964 1361 2000 ten-

39 2033 216 2073 tatione
249 2045 332 2073 seu
363 2031 660 2073 tribulatione
689 2031 936 2072 recedente
963 2031 1054 2071 alia
1086 2030 1361 2085 supervenit,

42 2109 87 2144 et
112 2116 293 2157 semper
318 2102 492 2157 aliquid
519 2102 577 2143 ad
608 2102 871 2156 patiendum
902 2100 1184 2143 habebimus.
1245 2099 1364 2142 Nam

39 2173 210 2213 bonum
233 2171 469 2214 felicitatis
495 2178 681 2214 nostrae
712 2172 1008 2227 perdidimus.
1067 2172 1199 2213 Multi
1228 2183 1362 2226 quae-

130 2288 158 2319 1.
170 2285 253 2319 Job.
269 2288 302 2324 7,
318 2289 345 2318 1.
422 2289 439 2318 1
467 2286 566 2318 Petr.
585 2289 615 2325 5,
633 2289 664 2319 8.

944 2345 980 2386 B
999 2346 1022 2384 2
