1530 2517
259 98 522 135 CHRISTI
579 97 688 134 LIB.
720 97 789 134 111.
823 99 944 135 CAP.
979 100 1044 136 30.
1064 102 1129 137 31.
1281 102 1362 142 137

35 195 306 244 certamina3
322 207 414 234 non
433 194 491 234 ad
506 192 722 245 honores,
735 194 818 236 sed
836 194 894 235 ad
913 195 1253 250 despectiones3
1271 212 1363 241 nou

38 265 95 306 ad
115 266 279 314 otium,
306 263 389 305 sed
414 264 473 304 ad
495 264 705 315 labores;
739 277 830 305 non
851 265 908 305 ad
930 268 1163 320 requiem,
1197 269 1279 310 sed
1305 270 1364 311 ad

40 335 324 378 afferendum
355 333 553 376 fructum
584 335 775 376 multum
806 336 853 376 in
886 337 1124 389 patientia.
1183 340 1363 381 Horum

38 412 280 458 memento,
303 406 368 446 fili
383 406 460 456 mi,
478 406 737 447 verborum.

557 592 687 605 ,ῥ’
695 589 870 611 βο--ν

424 783 685 828 CAPUT
752 784 967 828 XXXI.

86 896 157 939 De
189 899 389 953 neglectu
424 897 561 938 omnis
597 904 843 948 creaturae,
880 905 930 938 ut
960 905 1136 940 creator
1154 893 1307 954 'possit

592 967 796 1008 inveniri.

109 1114 148 1154 1.
180 1097 410 1165 Domine,
430 1114 547 1155 bene
564 1114 753 1168 indigeo
774 1113 924 1157 adhuc
939 1117 1109 1170 maj0ri
1125 1117 1299 1171 gratia,
1319 1118 1357 1157 si

25 1187 222 1229 debeam
237 1188 348 1229 illuc
366 1189 619 1241 pervenire,
634 1187 712 1227 ubi
729 1200 801 1228 me
819 1200 952 1228 nemo
970 1189 1143 1241 poterit
1159 1203 1245 1231 nec
1261 1191 1357 1230 ulla

26 1261 237 1298 creatura
253 1257 492 1311 impedire.
552 1257 670 1298 Nam
689 1256 905 1310 quamdiu
928 1270 1004 1298 res
1025 1258 1179 1313 aliqua
1195 1272 1268 1300 mc
1283 1273 1355 1300 ren

25 1328 162 1378 tinet,
203 1340 294 1368 non
326 1340 514 1381 possum
546 1327 691 1377 libere
726 1327 784 1367 ad
814 1333 862 1367 te
893 1327 1067 1368 volare.
1130 1330 1357 1383 Cupiebat

27 1398 172 1439 libere
211 1397 394 1448 volare,
440 1398 517 1451 qui
557 1397 766 1438 dicebat:
833 1397 968 1447 Quis
1015 1398 1175 1440 dabit
1220 1399 1352 1440 mihi

25 1480 234 1521 pennas
274 1469 425 1509 sicut
465 1467 783 1518 columbae,
833 1472 887 1508 et
925 1468 1132 1509 volabo
1184 1474 1237 1510 et
1273 1482 1352 1510 re-

24 1550 48 1592 q
62 1539 184 1579 uies
197 1552 221 1579 c
234 1536 340 1578 am‘}
400 1537 520 1587 Quid
539 1538 737 1590 simplici
756 1538 888 1578 oculo
909 1537 1136 1592 quietius&
1167 1540 1226 1579 Et
1243 1539 1352 1593 quid

27 1608 214 1649 liberius
254 1609 319 1648 nil
359 1608 653 1649 desiderante
685 1609 731 1648 in
763 1606 927 1648 terriss}
987 1609 1183 1661 Oportet
1212 1610 1353 1663 igitur

24 1690 203 1719 omnem
221 1679 557 1732 supertransire
577 1682 835 1719 creaturam
854 1686 898 1719 et
915 1692 964 1719 se
982 1679 1129 1732 ipsum
1146 1679 1350 1732 perfecte

25 1747 263 1798 deserere,
298 1760 352 1789 ac
376 1749 421 1788 in
450 1759 641 1788 excessu
667 1750 832 1789 mentis
865 1757 988 1789 stare
1022 1754 1069 1789 et
1091 1749 1271 1800 videre,
1305 1755 1351 1790 te

23 1818 226 1858 omnium
244 1818 529 1858 conditorem
549 1831 648 1858 cum
667 1820 889 1859 creaturis
915 1819 979 1859 nil
996 1819 1144 1860 simile
1163 1818 1349 1860 habere.

25 1887 80 1928 Et
104 1889 192 1928 nisi
218 1889 317 1942 quis
345 1888 401 1928 ab
430 1889 637 1929 omnibus
672 1889 894 1929 creaturis
919 1888 1060 1930 fuerit
1094 1889 1349 1942 expeditus,

23 1970 111 1997 non
132 1958 302 2010 poterit
318 1958 464 1999 libere
480 1958 720 1999 intendere
739 1958 918 1999 divinis.
949 1959 1059 2000 ideo
1080 1960 1198 1999 enim
1216 1960 1349 2012 pauci

25 2028 315 2069 inveniuntur
332 2028 673 2081 contemplativi
686 2058 698 2078 ‚
720 2029 827 2082 quia
843 2030 976 2081 pauci
996 2030 1144 2069 sciunt
1161 2041 1210 2069 se
1230 2041 1256 2068 a
1273 2041 1349 2081 pe-

29 2099 182 2138 rituris
203 2104 249 2138 et
265 2100 488 2139 creaturis
507 2098 564 2138 ad
583 2098 764 2151 plenum
783 2104 1088 2152 sequestrare.

122 2241 149 2269 ι.
177 2238 321 2271 psalm.
340 2242 383 2271 ,4
403 2242 495 2282 (55),
516 2242 548 2271 7.
