1530 2517
156 107 239 148 160
570 105 654 141 DE
682 103 1088 142 IMITATIONE

154 201 474 246 indifferenter
492 201 646 243 omnia
663 200 853 242 eredere
863 231 875 252 ‚
902 213 1051 254 neque
1069 199 1125 241 de
1142 199 1271 242 facili
1285 200 1479 242 ulterius

157 273 305 324 effari,
323 272 483 326 paucis
510 284 559 313 se
576 272 726 326 ipsum
747 271 973 321 revelare,
990 274 1038 311 te
1055 282 1236 323 semper
1250 270 1479 324 inspecto·

153 357 251 385 rem
274 342 426 384 cordis
446 354 693 396 quaerere,
719 354 805 382 nec
831 341 954 381 omni
969 343 1105 381 vento
1122 340 1368 381 verborum
1394 341 1477 381 cir-

156 412 386 463 cumferri,
402 411 485 452 sed
503 411 656 452 omnia
671 410 833 451 intima
851 415 897 451 et
914 415 1102 452 externa
1119 410 1368 451 secundum
1384 409 1478 463 pla-

156 485 295 525 citum
318 487 426 523 tuae
450 481 699 525 voluntatis
727 485 888 534 optare
912 479 1093 534 perfici!
1154 480 1302 530 Quam
1333 485 1479 521 tutum

152 567 236 607 pro
257 552 606 594 conservatione
626 550 841 592 eoelestis
860 551 1038 605 gratiae
1057 548 1302 591 humanam
1315 549 1477 604 fugere

153 623 490 677 apparentiam,
516 634 603 662 nee
620 624 838 674 appetere
858 633 974 675 quae
991 620 1108 661 foris
1126 620 1478 662 admirationem

149 692 361 734 videntur
370 692 609 746 praebere,
623 690 706 731 sed
717 694 881 732 eatota
899 690 1143 732 sedulitate
1161 691 1343 742 sectari,
1358 703 1474 745 quae

149 764 270 805 vitae
298 762 665 805 emendationem
683 760 793 802 dant
817 765 863 802 et
885 759 1138 802 fervorem!
1199 761 1346 811 Quam
1362 761 1476 801 mul-

149 835 205 875 tis
222 834 531 875 nocuitvirtus
548 833 665 874 scita
684 844 738 873 ac
751 843 1064 886 praepropere
1081 829 1293 872 laudata!
1327 831 1488 883 Quamss

146 916 258 946 sane
272 902 449 958 profuit
458 904 611 958 gratia
627 902 811 943 silentio
830 906 1014 943 servata
1028 901 1077 943 in
1092 900 1180 944 hac
1196 901 1355 957 fragili
1364 903 1471 953 vita,

150 987 267 1029 quae
284 978 385 1016 tota
401 974 594 1017 tentatio
613 972 762 1015 fertur
779 976 826 1014 et
840 971 1028 1014 militia!

543 1411 804 1460 CAPUT
867 1410 1071 1457 XLVI.

200 1527 271 1570 De
303 1527 573 1584 confidentia
603 1525 652 1568 in
682 1525 780 1567 Deo
814 1524 1030 1577 habenda,
1067 1524 1239 1579 quando
1271 1524 1412 1568 instar-

524 1603 643 1653 gunt
664 1596 896 1638 verborum
908 1594 1081 1649 jacula.
1518 1625 1530 1700 ξ

222 1744 264 1783 1.
294 1727 424 1796 Fili,
450 1748 524 1785 sta
539 1744 732 1785 firmiter
757 1746 804 1783 et
829 1754 965 1796 spera
987 1743 1035 1783 in
1058 1755 1145 1783 me.
1209 1742 1330 1792 Quid
1348 1743 1468 1785 enim
1528 1739 1530 1743 '

140 1820 247 1858 sunt
260 1816 424 1866 verba,
442 1815 535 1856 nisi
549 1813 718 1856 verba'}
775 1813 866 1856 Per
885 1816 1040 1855 aerem
1054 1812 1234 1864 volant,
1254 1812 1338 1854 sed
1353 1812 1468 1866 lapi·
1523 1809 1530 1859 ’ζ

141 1887 246 1928 dem
269 1900 362 1928 non
385 1885 588 1927 laedunt.
650 1884 700 1928 Si
722 1897 830 1926 reus
857 1897 929 1935 es,
958 1883 1113 1938 cogita
1131 1883 1254 1938 quod
1271 1883 1468 1924 libenter
1524 1864 1530 1946 Ῑ

141 1956 387 1998 emendare
419 1960 467 1997 te
498 1956 614 1997 velis
625 1968 637 2007 ;
670 1955 711 1996 si
741 1953 856 1995 nihil
878 1955 963 1996 tibi
988 1956 1198 1996 conscius
1225 1967 1288 2005 es,
1322 1965 1467 2007 pensa
1529 1958 1530 1961 ’

141 2025 265 2080 quod
287 2025 402 2067 velis
427 2025 626 2067 libenter
648 2037 731 2079 pro
752 2025 855 2066 Deo
882 2023 973 2067 hoc
996 2025 1237 2066 sustinere.
1296 2023 1462 2064 Parum
1529 2039 1530 2043 ¹

138 2097 252 2137 satis
272 2100 355 2147 est,
366 2100 418 2136 ut
429 2095 506 2137 vel
519 2096 661 2136 verba
676 2094 906 2136 interdum
923 2096 1166 2145 sustineas,
1180 2107 1257 2148 qui
1273 2093 1464 2134 necdum

136 2165 281 2206 fortia
305 2166 501 2208 verbera
524 2166 728 2207 tolerare
752 2165 896 2207 vales.
955 2166 1016 2206 Et
1040 2177 1181 2219 quare
1206 2169 1300 2204 tam
1323 2176 1464 2218 parva

137 2237 222 2277 tibi
249 2236 307 2277 ad
334 2249 415 2280 cor
429 2241 690 2290 transeunt,
718 2236 808 2277 nisi
826 2236 933 2291 quia
959 2233 1107 2276 adhuc
1125 2234 1320 2276 carnalis
1348 2247 1396 2275 es
1420 2239 1465 2275 et
