1530 2517
145 112 227 156 164
544 116 626 151 DE
660 115 1062 152 1MITAT10NE

228 214 266 252 3.
303 213 339 252 Ο
367 213 407 252 si
425 212 617 252 vidisses
637 210 908 253 Sanctorum
925 212 971 251 in
998 211 1129 252 coelo
1154 222 1348 252 coronas
1366 222 1466 263 per-

146 287 322 336 petuas,
337 285 505 336 quanta
523 293 704 335 quoque
722 294 840 322 nunc
859 280 1088 321 exsultant
1098 280 1261 334 gloria,
1276 281 1352 335 qui
1363 279 1467 320 huic

145 351 312 392 mundo
341 351 452 392 olim
477 351 812 391 contemtibiles
839 355 885 391 et
909 350 1039 404 quasi
1062 351 1156 390 vita
1171 351 1274 404 ipsa
1291 349 1469 404 indigni

142 422 442 475 putabantur:
474 420 685 474 profecto
711 426 756 460 te
775 421 928 460 statim
947 419 1211 460 humiliares
1235 432 1378 474 usque
1407 419 1465 459 ad

144 497 336 541 terram,
365 495 411 531 et
428 489 672 531 affectares
691 493 844 543 potius
865 490 1072 530 omnibus
1091 490 1303 540 subesse,
1333 502 1468 543 quam

142 562 221 600 uni
239 573 476 614 praeesse3
496 573 580 602 nec
598 559 732 614 hujus
749 560 870 600 vitae
888 559 1038 599 laetos
1061 559 1158 599 dies
1177 560 1466 613 concupisce-

141 643 241 680 res,
273 629 356 670 sed
378 630 526 684 magis
549 642 632 683 pro
660 630 763 670 Deo
789 629 1002 670 tribulari
1026 629 1276 682 gauderes,
1312 634 1357 670 et
1380 641 1464 682 pro

143 698 286 741 nihilo
321 701 442 741 inter
476 698 683 740 homines
724 698 979 752 computari
1016 698 1262 738 maximum
1292 697 1468 739 lucrum

145 770 350 811 duceres.

227 840 266 880 4.
302 841 338 881 Ο
372 841 411 881 si
441 840 525 881 tibi
558 838 674 881 haec
708 844 924 893 saperent
959 843 1004 880 et
1034 837 1261 892 profunde
1296 838 1353 879 ad
1388 851 1467 879 cor
1494 881 1497 882 γ

141 912 413 961 transirent,
448 909 677 965 quomodo
714 909 909 950 auderes
939 909 1014 950 vel
1044 909 1187 950 semel
1219 907 1466 963 conqueri?

141 981 304 1021 Nonne
331 993 414 1034 pro
439 980 535 1020 vita
559 984 748 1020 aeterna
774 983 935 1020 cuncta
958 979 1197 1019 laboriosa
1220 983 1325 1019 sunt
1346 978 1462 1019 tole-

138 1048 311 1090 randa‘}
368 1049 474 1091 Non
507 1054 577 1091 est
611 1062 802 1103 parvum
828 1049 951 1103 quid,
978 1049 1173 1102 perdere
1193 1053 1271 1089 aut
1293 1048 1462 1090 lucrari

139 1132 331 1174 regnum
351 1120 455 1161 Dei.
515 1119 643 1160 Leva
667 1118 810 1172 igitur
833 1118 1001 1160 faciem
1030 1124 1157 1159 tuam
1186 1119 1234 1158 in
1266 1118 1458 1159 coelum.

138 1191 282 1240 Ecce,
316 1201 402 1243 ego
429 1193 475 1229 et
499 1201 657 1229 omnes
684 1187 841 1229 Sancti
863 1189 954 1229 mei
977 1201 1178 1239 mecum,
1205 1189 1283 1242 qui
1305 1189 1352 1228 in
1375 1187 1466 1230 hoc

141 1259 327 1301 saeculo
347 1271 562 1313 magnum
581 1256 784 1299 habuere
809 1263 1062 1309 certamen,
1089 1258 1226 1299 modo
1246 1259 1464 1313 gaudent,

141 1329 278 1370 modo
299 1329 618 1380 consolantur,
645 1329 783 1370 modo
808 1329 958 1370 securi
975 1333 1100 1379 sunt,
1127 1328 1264 1369 modo
1284 1330 1465 1383 requie-

142 1404 294 1449 scunt,
330 1403 376 1439 et
399 1399 497 1441 sine
524 1399 613 1440 fine
638 1412 814 1441 mecum
840 1399 887 1439 in
911 1410 1055 1453 regno
1082 1399 1225 1452 patris
1251 1399 1342 1440 mei
1364 1411 1464 1453 per-

143 1470 402 1511 manebunt.

507 1907 597 1953 CA
615 1908 775 1954 PUT
837 1907 1099 1952 XLVIII.

231 2021 301 2063 De
334 2021 399 2063 die
433 2021 711 2062 aeternitatis
746 2027 790 2062 et
819 2020 947 2075 hujus
982 2020 1096 2061 vitae
1130 2019 1360 2075 angustiis.

223 2168 263 2207 1.
299 2152 348 2210 Ο
384 2181 608 2223 supernae
642 2168 838 2209 civitatis
867 2169 1043 2208 mansio
1072 2165 1359 2208 beatissima!
1423 2166 1459 2205 O

141 2241 238 2282 dies
259 2243 545 2283 aeternitatis
564 2242 839 2293 clarissima,
860 2255 993 2296 quam
1012 2254 1102 2282 nox
1118 2254 1210 2282 non
1229 2241 1457 2289 obscurat,
