1530 2517
177 112 260 153 204
577 112 660 149 DE
693 109 1093 147 IMITATIONE

178 212 267 251 tias
284 210 383 259 tibi,
401 209 512 250 Jesu
526 208 661 258 bone,
679 210 839 261 pastor
856 211 1058 256 aeterne,
1079 205 1154 260 qui
1171 217 1253 246 nos
1270 217 1495 259 pauperes

182 285 228 320 et
261 279 415 320 exules
444 278 657 332 dignatus
685 276 962 330 espretioso
988 287 1181 329 corpore
1209 279 1254 316 et
1277 275 1497 328 sanguine

178 355 258 389 tuo
283 348 500 398 reficere,
528 351 573 387 et
598 345 656 386 ad
673 345 787 386 haec
811 345 1033 398 mysteria
1049 345 1344 399 percipienda
1362 346 1517 386 etiam*

179 418 356 472 proprii
374 418 467 459 oris
487 417 554 457 tui
573 416 776 469 alloquio
794 415 1011 465 invitare,
1034 414 1250 455 dicendo:
1293 415 1496 457 Venite

183 488 249 528 ad
293 500 373 528 me
422 498 609 527 omnes
627 516 639 536 ,
696 485 789 539 qui
834 485 1117 525 laboratis
1173 489 1226 525 et
1274 484 1498 526 onerati

185 558 347 608 estis,
383 561 437 598 et
469 568 572 610 ego
603 554 866 597 reficiam
900 567 1012 594 vos.

640 995 907 1041 CAPUT
968 995 1044 1039 ΙΙ.

186 1108 316 1161 Quod
353 1122 517 1164 magna
551 1109 723 1150 bonitas
756 1116 799 1149 et
832 1108 996 1149 carigas
1033 1105 1117 1148 Dei
1144 1104 1191 1147 in
1221 1111 1494 1147 sacramen-to

620 1178 789 1220 homini
818 1177 1059 1219 exhibetur.

560 1316 704 1368 Vox
750 1316 1123 1368 DISCIPULI.

269 1468 309 1506 1.
345 1451 504 1523 Super
519 1468 725 1509 bonitate
742 1471 822 1506 tua
841 1470 886 1507 et
899 1477 1067 1519 magna
1081 1461 1399 1505 misericordia
1409 1466 1502 1512 tua,

185 1541 406 1593 Domine,
434 1541 630 1583 confisus
657 1539 825 1581 accedo
846 1550 986 1593 aeger
1004 1537 1062 1578 ad
1079 1536 1379 1587 salvatorem,
1405 1547 1504 1576 esu-

185 1612 308 1652 riens
343 1616 388 1652 et
418 1611 578 1652 sitiens
610 1610 669 1651 ad
696 1609 870 1652 fontem
895 1609 1038 1658 vitae,
1067 1619 1237 1661 egenus
1265 1606 1323 1646 ad
1345 1618 1505 1660 regem

189 1681 330 1732 coeli,
357 1694 514 1722 servus
542 1680 600 1720 ad
616 1680 885 1730 Dominum,
914 1682 1125 1719 creatura
1150 1676 1208 1716 ad
1233 1680 1505 1726 creatorem,

189 1751 424 1792 desolatus
451 1751 510 1792 ad
532 1763 683 1791 meum
699 1749 824 1803 pium
849 1748 1202 1790 consolatorem.
1259 1745 1356 1802 'Sed
1385 1744 1505 1786 unde
1528 1765 1529 1768 ¹

188 1819 277 1862 hoc
291 1819 425 1872 mihi,
452 1825 502 1861 ut
516 1821 673 1862 venias
693 1819 752 1860 ad
768 1816 870 1859 me2
929 1817 1040 1868 Quis
1060 1828 1146 1872 ego
1166 1829 1287 1866 sum,
1309 1819 1361 1856 ut
1375 1827 1506 1869 prae-

189 1896 282 1931 stes
299 1889 411 1931 mihi
425 1896 472 1932 te
488 1887 664 1944 ipsum?
702 1888 944 1939 Quomodo
964 1887 1103 1928 audet
1116 1891 1334 1940 peccator
1351 1896 1506 1926 coram

186 1967 233 2002 te
253 1960 502 2015 apparere?u
559 1961 619 2001 Et
640 1964 712 2010 tu,
741 1958 971 2013 quomodo
990 1957 1193 2012 dignaris
1219 1955 1275 1996 ad
1294 1959 1504 2009 peccato-

183 2045 281 2073 rem
296 2030 480 2073 veniress
539 2032 611 2071 'I'u
626 2030 749 2070 nosti
766 2040 947 2069 servum
961 2032 1111 2078 tuum,
1142 2031 1188 2068 et
1212 2025 1300 2067 scis
1319 2026 1425 2079 quia
1442 2022 1506 2063 nil

184 2103 294 2143 boni
317 2103 362 2143 in
388 2114 437 2143 se
461 2100 620 2151 habet,
646 2098 767 2140 unde
784 2097 874 2139 hoc
897 2098 967 2138 illi
984 2101 1207 2152 praestes.
1268 2095 1505 2137 Confiteor

185 2174 326 2226 igitur
363 2173 585 2213 vilitatem
623 2181 795 2220 meam,
844 2180 1045 2222 agnosco
1077 2171 1204 2208 tuam
1233 2165 1500 2214 bonitatem,

185 2243 322 2284 laudo
349 2245 567 2296 pietatem
594 2248 639 2281 et
663 2239 836 2293 gratias
863 2250 951 2292 ago
969 2242 1159 2291 propter
1182 2237 1366 2277 nimiam
1389 2236 1500 2277 cari-
