1530 2517
302 108 564 146 CHRISTI
619 106 713 143 LIB.
744 108 812 144 lv.
845 108 952 145 CAP.
983 108 1048 145 17.
1261 105 1343 147 241

21 206 112 248 (lio
146 205 355 261 gaudet
381 208 617 258 propter
639 216 831 245 vocem
856 205 1071 258 sponsi:
1105 205 1172 246 sic
1191 209 1236 246 et
1254 218 1340 260 ego

16 276 195 331 magnis
215 279 261 316 et
276 275 418 316 sacris
438 273 681 315 desideriis
705 278 813 328 opto
831 273 1104 316 inflammari
1123 280 1168 316 et
1184 276 1267 316 tibi
1286 287 1342 317 ex

15 350 115 388 toto
137 345 276 388 corde
291 357 364 386 me
381 346 529 398 ipsum
546 349 858 398 praesentare.
918 345 1048 387 Unde
1077 350 1123 387 et
1141 346 1338 386 omnium

17 416 287 458 devotorum
313 413 520 456 cordium
540 414 862 469 jubilationes,
892 416 1105 457 ardentes
1129 414 1336 467 affectus,

15 486 238 527 mentales
258 497 473 527 excessus
501 496 555 525 ac
579 485 952 539 supernaturales
979 486 1338 528 illuminationes

17 561 63 598 et
80 556 280 598 coelicas
300 555 498 596 visiones
517 555 601 597 tibi
618 554 765 596 offero
787 560 832 596 et
851 553 1044 598 exhibeo
1071 570 1171 597 cum
1197 558 1338 597 omni-

13 627 99 668 bus
115 626 358 668 virtutibus
378 629 424 667 et
439 625 651 666 laudibus
663 656 674 677 ,
695 626 751 667 ab
772 627 895 667 omni
913 631 1125 668 creatura
1139 628 1186 668 in
1204 628 1336 669 coelo

16 697 122 738 etin
140 701 267 738 terra
286 695 529 738 celebratis
549 700 594 737 et
612 696 920 748 celebrandis,
939 710 1021 751 pro
1041 710 1112 739 me
1133 702 1179 738 et
1197 699 1336 739 omni-

11 766 98 807 bus
114 764 227 807 mihi
237 766 284 807 in
299 767 508 809 oratione
523 766 865 818 commendatis,
880 772 1102 822 quatenus
1121 769 1176 810 ab
1197 770 1337 810 omni-

13 837 99 877 bus
118 836 256 892 digne
272 836 475 879 lauderis
494 841 540 879 et
555 838 601 878 in
618 841 889 891 perpetuum
906 838 1196 892 glorificeris.

99 907 140 948 4.
171 907 339 962 Accipe
356 911 465 948 vota
484 920 602 959 mea,
620 907 819 949 Domine
835 908 962 949 Deus
980 921 1131 960 meus,
1158 914 1204 950 et
1221 910 1338 951 desi-

15 977 146 1019 deria
168 977 375 1019 infinitae
400 977 680 1019 laudationis
708 990 760 1019 ac
784 978 1034 1019 immensae
1056 978 1340 1021 benedictio-

15 1049 101 1099 nis,
122 1061 240 1103 quae
264 1048 349 1089 tibi
365 1047 613 1090 secundum
629 1048 966 1090 multitudinem
982 1047 1232 1091 ineffabilis
1248 1062 1342 1090 ma-

17 1118 268 1173 gnitudinis
290 1122 400 1160 tuae
420 1119 525 1174 jure
551 1119 790 1161 debentur.
848 1119 982 1161 Haec
1004 1120 1088 1160 tibi
1117 1120 1264 1162 reddo
1298 1126 1344 1162 et

15 1188 213 1230 reddere
232 1188 445 1230 desidero
464 1201 547 1242 per
564 1188 770 1243 'singulos
790 1188 888 1230 dies
917 1193 963 1229 et
983 1194 1216 1231 momenta
1230 1195 1342 1232 tem-

17 1272 205 1314 porum,
240 1263 377 1313 atque
403 1258 462 1299 ad
483 1257 768 1300 reddendum
791 1271 970 1300 mecum
993 1260 1078 1300 tibi
1098 1261 1273 1315 gratias
1300 1266 1346 1302 et

18 1330 181 1372 laudes
216 1342 373 1371 omnes
406 1328 632 1371 coelestes
668 1330 854 1383 spiritus
889 1334 935 1370 et
965 1334 1151 1372 cunctos
1182 1330 1343 1373 fideles

17 1405 122 1442 tuos
132 1400 347 1455 precibus
367 1403 412 1440 et
429 1398 670 1441 affectibus
688 1400 830 1441 invito
852 1403 898 1441 et
911 1412 1069 1441 exoro.

101 1470 142 1511 5³
173 1469 389 1512 Laudent
402 1473 450 1511 te
475 1470 678 1511 universi
693 1470 875 1524 populi,
901 1471 1046 1512 tribus
1073 1475 1120 1513 et
1141 1471 1344 1526 linguae,

19 1545 66 1582 et
81 1545 289 1582 sanctum
308 1544 355 1582 et
369 1539 638 1582 mellifluum
655 1553 821 1582 nomen
836 1545 961 1581 tuum
974 1554 1074 1582 cum
1086 1553 1263 1582 summa
1274 1543 1343 1597 ju-

16 1611 241 1652 bilatione
269 1614 316 1652 et
339 1611 518 1653 ardenti
536 1611 782 1652 devotione
805 1611 1113 1665 magnificent.
1172 1612 1233 1653 Et
1249 1614 1345 1667 qui-

21 1694 198 1736 cunque
206 1686 473 1724 reverenter
482 1694 536 1724 ac
547 1681 713 1723 devote
727 1682 997 1722 altissimum
1010 1687 1346 1724 sacramentum

19 1757 149 1792 tuum
166 1752 401 1794 celebrant
418 1757 464 1793 et
475 1751 614 1806 plena
630 1751 720 1793 fide
737 1752 978 1806 recipiunt,
991 1753 1187 1806 gratiam
1206 1757 1252 1794 et
1266 1754 1347 1794 mi-

22 1822 322 1864 sericordiam
348 1822 469 1876 apud
492 1826 538 1863 te
563 1822 769 1864 invenire
794 1827 1079 1874 mereantur,
1100 1827 1147 1864 et
1163 1835 1247 1877 pro
1272 1836 1345 1865 me

20 1899 267 1946 peccatore
285 1892 555 1946 suppliciter
572 1897 778 1934 exorent.
813 1894 1015 1947 Cumque
1036 1898 1194 1946 optata
1212 1893 1348 1935 devo-

20 1963 148 2005 tione
169 1976 224 2005 ac
240 1962 415 2005 fruibili
431 1962 600 2003 unione
618 1964 754 2016 potiti
771 1961 963 2014 fuerint,
992 1967 1037 2004 et
1051 1963 1168 2004 bene
1188 1976 1347 2005 conso-

22 2034 107 2076 lati
140 2045 195 2075 ac
217 2033 408 2074 mirifice
430 2030 597 2073 refecti
624 2032 680 2073 de
706 2045 840 2074 sacra
862 2045 1022 2074 mensa
1039 2033 1232 2076 coelesti
1250 2034 1330 2075 abs

27 2103 263 2153 cesserint,
282 2103 371 2143 mei
390 2103 606 2156 pauperis
623 2103 862 2144 recordari
880 2102 1137 2159 dignentur.

539 2251 853 2273 Μοθε--φ

973 2314 1012 2362 Q
