1530 2517
140 120 221 158 212
543 116 626 154 DE
656 116 1057 154 IMITATIONE

226 215 265 255 4.
298 214 426 255 Unde
453 214 493 255 si
515 211 628 253 mihi
649 225 741 253 non
763 213 874 253 licet
897 211 1081 253 haurire
1105 211 1160 253 de
1179 212 1459 266 plenitudine

141 285 283 326 fontis
309 297 394 325 nec
417 296 561 337 usque
589 282 648 323 ad
665 284 923 323 satietatem
942 287 1126 335 potare,
1154 294 1380 335 apponam
1396 289 1462 323 ta-

141 367 245 395 men
264 367 315 394 os
332 365 482 394 meum
501 353 557 392 ad
572 351 780 394 foramen
801 352 1015 392 coelestis
1027 351 1223 402 fistulae,
1234 356 1285 392 ut
1300 352 1463 392 saltem

140 423 370 464 modicam
387 423 494 465 inde
512 423 737 477 guttulam
762 423 938 476 capiam
965 421 1022 461 ad
1037 420 1387 463 refocillandam
1407 423 1463 462 si-

140 495 223 533 tim
248 506 395 534 meam
424 498 469 534 et
488 506 579 534 non
597 494 776 547 penitus
801 504 1079 533 exarescam.
1138 491 1198 531 Et
1215 492 1254 531 si
1271 491 1463 531 necdum

141 569 266 604 totus
295 563 510 604 coelestis
539 568 584 604 et
600 568 693 603 tam
710 562 903 616 ignitus,
929 566 979 601 ut
998 559 1240 601 Cherubim
1269 564 1314 600 et
1332 559 1463 601 Sera-

140 633 264 688 phim
283 647 383 675 esse
401 646 608 687 possum:
643 632 846 673 conabor
861 635 1015 671 tamen
1034 629 1268 670 devotioni
1284 630 1463 670 insiste-

138 717 189 744 re
210 708 255 744 et
273 717 352 745 cor
369 716 517 744 meum
536 713 828 756 praeparare,
841 705 892 741 ut
906 700 980 741 vel
996 699 1222 739 modicam
1243 699 1382 739 divini
1398 700 1462 739 in-

142 774 291 815 cendii
324 773 551 814 flammam
586 784 642 813 ex
670 770 830 811 humili
862 770 1088 811 sumtione
1114 768 1281 809 vivifici
1312 780 1463 810 sacra-

139 844 282 885 menti
300 845 579 898 conquiram.
643 840 874 895 Quidquid
895 844 1046 881 autem
1063 838 1174 879 mihi
1192 839 1335 890 deest,
1353 840 1475 892 Jesul

137 915 273 964 bone,
293 914 499 955 salvator
514 912 815 961 sanctissime,
831 915 880 950 tu
897 923 979 964 pro
998 922 1071 951 me
1089 909 1249 963 supple
1265 910 1462 964 benigne

141 997 196 1025 ac
211 985 439 1039 gratiose,
468 984 545 1037 qui
563 995 719 1023 omnes
739 981 797 1021 ad
815 985 859 1022 te
879 980 1092 1034 dignatus
1113 992 1161 1021 es
1178 992 1369 1030 vocare,
1398 979 1462 1019 di-

141 1067 268 1095 cens:
317 1054 522 1096 Venite
563 1052 747 1092 adme
790 1063 998 1100 omnes,
1048 1050 1138 1104 qui
1176 1049 1267 1091 lab
1282 1051 1462 1091 oratis

142 1129 192 1165 et
225 1123 449 1164 onerati
483 1123 646 1172 estis,
682 1128 735 1162 et
768 1134 870 1176 ego
902 1120 1169 1161 reficiam
1199 1132 1312 1160 vos.

224 1195 264 1234 5.
296 1195 396 1248 Ego
417 1194 599 1247 quidem
616 1193 778 1233 laboro
798 1193 843 1231 in
861 1191 1030 1232 sudore
1047 1190 1196 1231 vultus
1214 1191 1319 1241 mei,
1333 1190 1462 1231 dolo-

140 1277 190 1306 re
209 1264 360 1306 cordis
378 1268 613 1318 torqueor,
629 1263 831 1316 peccatis
850 1274 1033 1311 oneror,
1050 1260 1380 1301 tentationibus
1397 1261 1462 1300 in-

142 1336 340 1389 quietor‚
351 1333 506 1374 multis
523 1332 957 1386 malispassionibus
974 1330 1188 1384 implicor
1206 1335 1252 1370 et
1261 1343 1463 1384 premor3

145 1411 190 1446 et
206 1418 297 1446 non
323 1410 393 1450 est
410 1405 488 1459 qui
512 1404 718 1458 adjuvet,
752 1415 843 1443 non
865 1405 935 1442 est
952 1401 1028 1456 qui
1045 1400 1212 1442 liberet
1229 1407 1274 1441 et
1291 1401 1465 1442 salvum

141 1476 305 1526 faciat,
337 1476 427 1516 nisi
456 1479 527 1525 tu,
559 1474 757 1516 Domine
782 1473 933 1522 Deus,
967 1471 1173 1512 salvator
1202 1484 1351 1512 meus:
1394 1472 1466 1512 cui

144 1547 377 1587 committo
395 1558 468 1587 me
488 1550 533 1587 et
550 1546 703 1586 onmia
717 1556 843 1595 mea,
869 1546 920 1583 ut
943 1554 1016 1582 me
1043 1540 1276 1582 custodias
1304 1546 1350 1582 et
1365 1554 1465 1595 per-

144 1617 283 1658 ducas
307 1618 355 1657 in
381 1617 519 1656 vitam
545 1620 793 1656 aeternam.
856 1613 1046 1666 Suscipe
1067 1624 1140 1652 me
1157 1612 1204 1651 in
1220 1611 1404 1652 laudem
1423 1616 1468 1652 et

144 1688 341 1741 gloriam
358 1686 552 1728 nominis
570 1686 659 1736 tui,
695 1686 771 1739 qui
798 1697 963 1738 corpus
980 1688 1108 1724 tuum
1135 1686 1180 1723 et
1198 1682 1466 1735 sanguinem

144 1758 190 1797 in
223 1757 371 1797 cibum
404 1760 450 1796 et
473 1760 630 1808 potum
655 1753 766 1795 mihi
790 1755 978 1807 parasti.
1039 1753 1250 1802 Praesta,
1268 1752 1466 1792 Domine

143 1828 271 1867 Deus
289 1826 503 1867 salutaris
520 1838 663 1875 meus,
687 1830 737 1865 ut
754 1837 854 1865 cum
870 1823 1241 1878 frequentatione
1255 1822 1467 1876 'mysterii

144 1898 210 1937 tui
229 1901 407 1938 crescat
422 1908 552 1937 meae
572 1895 832 1936 devotionis
853 1893 1058 1935 affectus.

651 2112 971 2133 ‘doso-p
1010 2114 1012 2116 ’
