1530 2517
339 114 594 152 CHRISTI
653 114 762 150 LIB.
791 114 862 150 111.
901 114 1021 150 CAP.
1054 113 1091 148 3.
1327 109 1379 149 85

56 210 254 261 visitare,
274 211 527 251 tentatione
546 209 724 251 scilicet
742 214 788 251 et
809 209 1141 250 consolatione.
1190 208 1249 248 Et
1267 207 1378 248 duas

50 279 274 322 lectiones
303 281 368 321 eis
388 280 593 334 quotidie
611 280 741 335 lego,
767 293 904 320 unam
920 279 1200 333 increpando
1221 290 1380 320 eorum

48 350 184 401 vitia,
219 350 412 391 alteram
438 348 724 392 exhortando
755 350 813 391 ad
837 351 1055 391 virtutum
1079 350 1376 390 incrementa.

50 419 140 470 Qui
155 419 297 462 habet
311 421 455 462 verba
471 433 576 462 mea
603 425 649 462 et
664 421 838 475 spernit
856 432 933 471 ea,
967 418 996 460 h
1008 420 1071 460 ab
1085 424 1138 461 et
1171 420 1262 473 qui
1290 420 1350 472 ju
1362 442 1377 449 -

49 489 203 531 dicet
235 503 354 532 eum
384 492 440 531 in
471 492 780 532 novissimo
816 490 919 532 die.

162 619 322 663 Oratio
356 623 416 663 ad
443 621 765 676 implorandam
791 621 1033 663 devotionis
1056 620 1271 676 gratiam.

132 720 171 762 6.
203 722 402 763 Domine
432 722 584 772 Deus,
624 722 777 762 omnia
806 722 930 763 bona
972 733 1077 761 mea
1106 725 1157 760 tu
1190 733 1253 760 es.
1320 718 1379 758 Et

48 793 148 845 quis
168 804 254 846 ego
274 805 396 842 sum,
423 797 473 832 ut
490 792 686 832 audeam
705 791 764 831 ad
782 796 826 832 te
845 789 1001 845 loqui?
1031 791 1133 844 Ego
1153 802 1252 830 sum
1268 801 1377 842 pau—

44 863 272 915 perrimus
290 862 497 903 servulus
514 868 620 903 tuus
640 867 686 903 et
702 862 908 916 abJectus
925 860 1214 911 vermiculus,
1232 859 1375 899 multo

45 932 297 985 pauperior
329 938 376 973 et
407 932 788 982 contemtibilior,
833 944 968 986 quam
1006 931 1103 973 scio
1149 934 1195 971 et
1223 929 1377 970 dicere

48 1001 215 1043 audeo.
275 1003 509 1044 Memento
534 1007 716 1054 tamen,
740 1003 962 1052 Domine,
992 1002 1095 1056 quia
1124 998 1235 1040 nihil
1264 1012 1377 1048 sum,

46 1070 162 1112 nihil
184 1070 334 1114 habeo
358 1072 564 1128 nihilque
587 1073 739 1114 valeo.
800 1074 873 1113 Tu
899 1073 1026 1113 solus
1050 1072 1213 1121 bonus,
1228 1071 1379 1124 justus

49 1146 96 1183 et
120 1148 328 1194 sanctus3
360 1148 411 1184 tu
435 1144 589 1184 omnia
604 1148 760 1197 potes,
789 1143 943 1183 omnia
966 1147 1197 1196 praestas,
1226 1140 1381 1181 omnia

45 1213 235 1266 imples,
261 1214 410 1255 solum
427 1219 722 1268 peccatorem
745 1214 930 1254 inanem
952 1213 1231 1266 relinquens.
1293 1211 1379 1252 Re·

46 1284 291 1325 miniscere
317 1285 667 1325 miserationum
690 1288 888 1334 tuarum,
909 1287 955 1323 et
971 1282 1110 1336 imple
1133 1294 1214 1323 cor
1230 1294 1381 1322 meum

50 1355 202 1408 gratia
218 1359 312 1405 tua,
335 1355 413 1409 qui
428 1367 520 1395 non
535 1355 604 1394 vis
624 1367 725 1396 esse
743 1366 890 1394 vacua
909 1365 1051 1406 opera
1067 1357 1161 1393 tua.

131 1427 173 1465 7.
209 1424 453 1475 Quomodo
485 1437 675 1479 possum
705 1437 778 1465 me
803 1424 1007 1464 tolerare
1031 1424 1078 1463 in
1103 1421 1191 1463 hac
1212 1422 1382 1462 misera

46 1495 157 1546 vita,
170 1496 260 1536 nisi
275 1508 348 1536 me
368 1494 701 1536 confortaverit
714 1494 1036 1535 misericordia
1055 1498 1100 1534 et
1109 1493 1261 1547 gratia
1275 1491 1380 1532 tua'.t

46 1564 159 1607 Noli
185 1571 396 1607 avertere
421 1565 591 1607 faciem
614 1570 741 1606 tuam
768 1577 795 1604 a
818 1577 915 1614 me3
947 1564 1044 1604 noli
1068 1564 1380 1604 visitationem

47 1640 174 1676 tuam
198 1636 503 1691 prolongare3
534 1636 632 1676 noli
659 1635 1027 1677 consolationem
1052 1638 1179 1674 tuam
1205 1634 1378 1674 abstra-

46 1702 243 1757 here,ne
260 1707 342 1747 fiat
366 1707 551 1747 anima
573 1718 694 1747 mea
719 1706 871 1746 sicut
891 1710 1050 1746 terra
1079 1705 1204 1746 sine
1234 1715 1378 1757 aqua

45 1776 169 1816 tibi.
238 1777 460 1828 Domine,
503 1777 640 1817 doce
678 1788 760 1817 me
793 1775 992 1816 facere
1027 1774 1378 1815 voluntatem

45 1851 103 1886 tu
115 1858 217 1897 am3
258 1846 373 1888 doce
389 1859 463 1887 me
483 1858 635 1887 coram
653 1850 700 1887 te
720 1846 857 1900 digne
877 1850 923 1887 et
938 1844 1173 1886 humiliter
1190 1856 1376 1885 conver-

47 1917 164 1967 sari,
185 1918 292 1970 quia
309 1917 537 1971 sapientia
553 1928 658 1956 mea
673 1921 724 1956 tu
742 1928 812 1967 es,
838 1917 914 1970 qui
930 1917 978 1956 in
996 1916 1190 1956 veritate
1208 1926 1280 1954 me
1301 1927 1375 1954 co-

45 1987 253 2039 gnoscis,
296 1991 342 2028 et
374 1987 633 2041 cognovisti
665 1990 910 2041 antequam
942 1986 1076 2026 fieret
1104 1984 1297 2024 mundus
1333 1988 1376 2023 et

49 2062 293 2111 antequam
311 2063 443 2097 natus
464 2069 612 2097 essem
627 2056 674 2096 in
690 2056 876 2098 mundo.

141 2169 174 2198 5.
202 2165 337 2200 Joann.
359 2169 412 2206 12,
431 2169 487 2200 48.
513 2185 560 2191 —
608 2169 643 2201 7.
669 2165 814 2200 Psalm.
832 2170 899 2201 142
918 2167 1036 2211 (143),
1054 2168 1074 2200 6
1092 2170 1130 2200 et
1148 2170 1203 2200 11.

553 2250 884 2273 *new—-
