1530 2517
350 111 612 148 CHRISTI
668 111 778 147 Lm.
810 111 881 148 111.
914 112 1037 148 CAP.
1070 113 1135 149 54.
1323 112 1403 153 ’183

75 206 276 247 exterius
304 217 528 259 apparere
556 211 601 248 et
624 206 769 248 multa
785 219 868 261 per
893 220 1053 248 sensus
1074 210 1274 262 experiri
1284 224 1295 262 ;
1328 210 1404 252 de·

73 273 249 315 siderat
266 276 457 329 agnosci
482 280 528 317 et
547 289 686 331 agere
704 276 825 319 unde
843 277 944 318 laus
973 282 1018 319 et
1036 278 1279 321 admiratio
1298 293 1403 335 pro-

75 343 218 386 cedit:
251 344 334 386 sed
359 346 511 400 gratia
536 359 627 387 non
655 351 785 389 curat
809 360 929 389 nova
955 361 1041 390 nec
1057 350 1241 391 curiosa
1257 352 1403 404 perci-

21 447 23 453 ,
71 427 206 469 pere,
241 416 349 470 quia
371 420 519 456 totum
544 415 633 458 hoc
657 416 713 458 de
738 422 968 459 vetustate
999 421 1306 474 corruptionis
1335 426 1405 462 est

75 490 238 537 ortum,
259 498 359 528 cum
376 484 491 527 nihil
506 499 672 527 novum
691 491 737 529 et
754 488 963 530 durabile
984 490 1045 529 sit
1061 503 1198 544 super
1214 496 1399 531 terram.

71 558 225 600 Docet
239 558 397 612 itaque
415 569 575 598 sensus
599 559 905 614 restringere,
935 572 1097 600 vanam
1116 561 1400 614 complacen-

71 628 185 669 tiam
210 632 256 669 et
280 629 639 669 ostentationem
664 628 894 682 devitare,
927 629 1160 671 laudanda
1193 635 1239 671 et
1264 631 1400 686 digne

69 698 280 740 miranda
301 696 536 740 humiliter
561 699 869 752 abscondere,
905 705 951 742 et
975 700 1031 741 de
1059 701 1182 741 omni
1205 713 1257 742 re
1285 706 1331 743 et
1353 703 1399 742 in

71 769 195 810 omni
220 769 415 810 scientia
438 769 651 811 utilitatis
668 768 867 812 fructum
893 776 1029 826 atque
1047 771 1138 812 Dei
1153 771 1336 813 laudem
1356 778 1401 813 et

70 837 293 892 honorem
313 852 551 895 quaerere.
611 839 716 882 Non
733 841 830 882 vult
852 854 902 882 se
921 854 1006 883 nec
1021 853 1107 883 sua
1121 841 1398 895 praedicari,

70 910 151 953 sed
168 912 320 954 Deum
335 911 382 951 in
400 910 531 952 donis
550 911 645 952 suis
665 915 795 966 optat
809 912 1045 963 benedici,
1066 911 1144 966 qui
1162 916 1325 953 cuncta
1344 924 1399 954 ex

69 994 198 1024 mera
216 982 410 1024 caritate
426 981 637 1037 largitur.

152 1054 221 1094 17.
253 1053 386 1095 Haec
416 1053 569 1107 gratia
600 1052 951 1106 supernaturale
983 1052 1137 1094 lumen
1178 1057 1225 1094 et
1256 1053 1398 1108 quod-

69 1123 172 1164 dam
197 1124 289 1166 Dei
313 1123 515 1178 speciale
542 1123 712 1165 donum
738 1128 830 1175 est,
864 1128 911 1164 et
933 1123 1119 1177 proprie
1147 1124 1399 1165 electorum

69 1194 355 1250 signaculum
383 1199 429 1236 et
453 1195 617 1250 pignus
647 1195 808 1236 salutis
835 1197 1076 1235 aeternae:
1110 1207 1228 1249 quae
1253 1193 1398 1236 homi-

68 1277 172 1306 nem
190 1265 247 1307 de
264 1265 459 1306 terrenis
479 1265 537 1306 ad
555 1264 778 1308 coelestia
797 1263 993 1305 amanda
1018 1263 1243 1315 sustollit,
1272 1268 1317 1305 et
1342 1263 1398 1306 de

68 1335 245 1377 carnali
283 1335 569 1390 spiritualem
612 1335 766 1377 efficit.
828 1334 1009 1385 Quanto
1051 1334 1191 1389 igitur
1232 1340 1398 1376 natura

67 1406 263 1461 amplius
288 1407 513 1460 premitur
538 1412 584 1448 et
605 1406 824 1457 vincitur,
851 1409 979 1446 tauto
998 1405 1148 1459 major
1163 1407 1315 1460 gratia
1331 1406 1396 1445 in-

66 1475 299 1528 funditur,
339 1481 385 1518 et
416 1476 623 1530 quotidie
662 1477 795 1517 novis
834 1475 1170 1516 visitationibus
1204 1476 1398 1517 interior

64 1544 203 1589 homo
223 1545 473 1589 secundum
488 1546 736 1602 imaginem
755 1548 844 1589 Dei
859 1545 1154 1588 reformatur.
