<?xml version="1.0" encoding="UTF-8"?>
<!DOCTYPE html PUBLIC "-//W3C//DTD XHTML 1.0 Transitional//EN"
    "http://www.w3.org/TR/xhtml1/DTD/xhtml1-transitional.dtd">
<html xmlns="http://www.w3.org/1999/xhtml" xml:lang="en" lang="en">
 <head>
  <title>
</title>
<meta http-equiv="Content-Type" content="text/html;charset=utf-8" />
  <meta name='ocr-system' content='tesseract 3.04.00' />
  <meta name='ocr-capabilities' content='ocr_page ocr_carea ocr_par ocr_line ocrx_word'/>
</head>
<body>
  <div class='ocr_page' id='page_1' title='image "./thomaekempisde00thom_0061.png"; bbox 0 0 1530 2517; ppageno 0'>
   <div class='ocr_carea' id='block_1_1' title="bbox 302 111 1378 152">
    <p class='ocr_par' dir='ltr' id='par_1_1' title="bbox 302 111 1378 152">
     <span class='ocr_line' id='line_1_1' title="bbox 302 111 1378 152; baseline 0.004 -4"><span class='ocrx_word' id='word_1_1' title='bbox 302 111 566 148; x_wconf 85' lang='lat' dir='ltr'><strong>CHRISTI</strong></span> <span class='ocrx_word' id='word_1_2' title='bbox 623 111 735 148; x_wconf 73' lang='lat' dir='ltr'>Lm.</span> <span class='ocrx_word' id='word_1_3' title='bbox 768 113 798 148; x_wconf 92' lang='lat'>1.</span> <span class='ocrx_word' id='word_1_4' title='bbox 834 114 956 149; x_wconf 74' lang='lat' dir='ltr'><strong>CAP.</strong></span> <span class='ocrx_word' id='word_1_5' title='bbox 992 115 1055 149; x_wconf 80' lang='lat'>23.</span> <span class='ocrx_word' id='word_1_6' title='bbox 1076 115 1137 150; x_wconf 82' lang='lat'>24.</span> <span class='ocrx_word' id='word_1_7' title='bbox 1327 113 1378 152; x_wconf 79' lang='lat'>45</span> 
     </span>
    </p>
   </div>
   <div class='ocr_carea' id='block_1_2' title="bbox 54 208 1382 603">
    <p class='ocr_par' dir='ltr' id='par_1_2' title="bbox 54 208 1382 603">
     <span class='ocr_line' id='line_1_2' title="bbox 57 208 1379 263; baseline 0.002 -14"><span class='ocrx_word' id='word_1_8' title='bbox 57 214 249 258; x_wconf 81' lang='lat' dir='ltr'><strong>seretur,</strong></span> <span class='ocrx_word' id='word_1_9' title='bbox 269 219 402 262; x_wconf 84' lang='lat' dir='ltr'>quam</span> <span class='ocrx_word' id='word_1_10' title='bbox 418 208 653 258; x_wconf 81' lang='lat' dir='ltr'>irascitur3</span> <span class='ocrx_word' id='word_1_11' title='bbox 680 208 757 263; x_wconf 87' lang='lat' dir='ltr'>qui</span> <span class='ocrx_word' id='word_1_12' title='bbox 781 208 869 249; x_wconf 85' lang='lat' dir='ltr'><strong>sibi</strong></span> <span class='ocrx_word' id='word_1_13' title='bbox 886 208 973 262; x_wconf 85' lang='lat' dir='ltr'>ipsi</span> <span class='ocrx_word' id='word_1_14' title='bbox 999 209 1265 250; x_wconf 68' lang='lat' dir='ltr'>violentiam</span> <span class='ocrx_word' id='word_1_15' title='bbox 1289 209 1379 252; x_wconf 83' lang='lat' dir='ltr'>fre-</span> 
     </span>
     <span class='ocr_line' id='line_1_3' title="bbox 56 276 1380 335; baseline 0.002 -16"><span class='ocrx_word' id='word_1_16' title='bbox 56 282 248 333; x_wconf 85' lang='lat' dir='ltr'>quenter</span> <span class='ocrx_word' id='word_1_17' title='bbox 278 276 392 323; x_wconf 77' lang='lat' dir='ltr'>facit</span> <span class='ocrx_word' id='word_1_18' title='bbox 423 282 469 318; x_wconf 87' lang='lat' dir='ltr'>et</span> <span class='ocrx_word' id='word_1_19' title='bbox 500 290 683 321; x_wconf 80' lang='lat' dir='ltr'>carnem</span> <span class='ocrx_word' id='word_1_20' title='bbox 716 279 898 319; x_wconf 88' lang='lat' dir='ltr'>omnino</span> <span class='ocrx_word' id='word_1_21' title='bbox 926 280 1103 332; x_wconf 82' lang='lat' dir='ltr'>spiritui</span> <span class='ocrx_word' id='word_1_22' title='bbox 1132 281 1380 335; x_wconf 83' lang='lat' dir='ltr'>subjugare</span> 
     </span>
     <span class='ocr_line' id='line_1_4' title="bbox 57 347 1382 403; baseline 0.002 -14"><span class='ocrx_word' id='word_1_23' title='bbox 57 352 260 389; x_wconf 78' lang='lat' dir='ltr'>conatur.</span> <span class='ocrx_word' id='word_1_24' title='bbox 320 347 487 389; x_wconf 89' lang='lat' dir='ltr'>Melius</span> <span class='ocrx_word' id='word_1_25' title='bbox 515 353 586 390; x_wconf 83' lang='lat' dir='ltr'>est</span> <span class='ocrx_word' id='word_1_26' title='bbox 608 348 746 389; x_wconf 87' lang='lat' dir='ltr'>modo</span> <span class='ocrx_word' id='word_1_27' title='bbox 774 361 973 403; x_wconf 82' lang='lat' dir='ltr'>purgare</span> <span class='ocrx_word' id='word_1_28' title='bbox 1000 355 1191 403; x_wconf 81' lang='lat' dir='ltr'>peccata</span> <span class='ocrx_word' id='word_1_29' title='bbox 1208 356 1255 392; x_wconf 89' lang='lat' dir='ltr'>et</span> <span class='ocrx_word' id='word_1_30' title='bbox 1270 352 1382 392; x_wconf 82' lang='lat' dir='ltr'>vitia</span> 
     </span>
     <span class='ocr_line' id='line_1_5' title="bbox 54 417 1381 476; baseline 0.003 -17"><span class='ocrx_word' id='word_1_31' title='bbox 54 430 283 468; x_wconf 78' lang='lat' dir='ltr'>resecare,</span> <span class='ocrx_word' id='word_1_32' title='bbox 303 430 437 476; x_wconf 79' lang='lat' dir='ltr'>quam</span> <span class='ocrx_word' id='word_1_33' title='bbox 453 419 500 463; x_wconf 86' lang='lat' dir='ltr'>in</span> <span class='ocrx_word' id='word_1_34' title='bbox 516 417 670 463; x_wconf 81' lang='lat' dir='ltr'>futuro</span> <span class='ocrx_word' id='word_1_35' title='bbox 689 418 929 474; x_wconf 82' lang='lat' dir='ltr'>purganda</span> <span class='ocrx_word' id='word_1_36' title='bbox 944 432 1198 465; x_wconf 81' lang='lat' dir='ltr'>reservare.</span> <span class='ocrx_word' id='word_1_37' title='bbox 1258 423 1381 464; x_wconf 89' lang='lat' dir='ltr'>Vere</span> 
     </span>
     <span class='ocr_line' id='line_1_6' title="bbox 55 487 1382 546; baseline 0.005 -19"><span class='ocrx_word' id='word_1_38' title='bbox 55 500 138 528; x_wconf 89' lang='lat' dir='ltr'>nos</span> <span class='ocrx_word' id='word_1_39' title='bbox 155 488 282 541; x_wconf 89' lang='lat' dir='ltr'>ipsos</span> <span class='ocrx_word' id='word_1_40' title='bbox 300 487 549 542; x_wconf 83' lang='lat' dir='ltr'>decipimus</span> <span class='ocrx_word' id='word_1_41' title='bbox 567 501 651 542; x_wconf 80' lang='lat' dir='ltr'>per</span> <span class='ocrx_word' id='word_1_42' title='bbox 665 489 975 531; x_wconf 78' lang='lat' dir='ltr'>inordinatum</span> <span class='ocrx_word' id='word_1_43' title='bbox 994 503 1196 533; x_wconf 81' lang='lat' dir='ltr'>amorem</span> <span class='ocrx_word' id='word_1_44' title='bbox 1208 522 1220 542; x_wconf 89' lang='lat'>‚</span> <span class='ocrx_word' id='word_1_45' title='bbox 1248 505 1382 546; x_wconf 88' lang='lat' dir='ltr'>quem</span> 
     </span>
     <span class='ocr_line' id='line_1_7' title="bbox 57 556 567 603; baseline 0 -5"><span class='ocrx_word' id='word_1_46' title='bbox 57 557 116 598; x_wconf 83' lang='lat' dir='ltr'>ad</span> <span class='ocrx_word' id='word_1_47' title='bbox 134 570 316 599; x_wconf 82' lang='lat' dir='ltr'>carnem</span> <span class='ocrx_word' id='word_1_48' title='bbox 333 556 567 603; x_wconf 83' lang='lat' dir='ltr'>habemus.</span> 
     </span>
    </p>
   </div>
   <div class='ocr_carea' id='block_1_3' title="bbox 47 638 1383 2178">
    <p class='ocr_par' dir='ltr' id='par_1_3' title="bbox 49 638 1383 1314">
     <span class='ocr_line' id='line_1_8' title="bbox 138 638 1383 698; baseline 0.006 -19"><span class='ocrx_word' id='word_1_49' title='bbox 138 638 179 680; x_wconf 85' lang='lat'>3.</span> <span class='ocrx_word' id='word_1_50' title='bbox 213 638 334 688; x_wconf 77' lang='lat' dir='ltr'>Quid</span> <span class='ocrx_word' id='word_1_51' title='bbox 366 639 493 680; x_wconf 80' lang='lat' dir='ltr'>aliud</span> <span class='ocrx_word' id='word_1_52' title='bbox 523 641 643 694; x_wconf 83' lang='lat' dir='ltr'>ignis</span> <span class='ocrx_word' id='word_1_53' title='bbox 675 641 756 683; x_wconf 86' lang='lat' dir='ltr'>ille</span> <span class='ocrx_word' id='word_1_54' title='bbox 789 642 1044 694; x_wconf 79' lang='lat' dir='ltr'>devorabit,</span> <span class='ocrx_word' id='word_1_55' title='bbox 1079 644 1166 685; x_wconf 86' lang='lat' dir='ltr'>nisi</span> <span class='ocrx_word' id='word_1_56' title='bbox 1190 650 1383 698; x_wconf 82' lang='lat' dir='ltr'>peccata</span> 
     </span>
     <span class='ocr_line' id='line_1_9' title="bbox 53 707 1382 766; baseline 0.004 -16"><span class='ocrx_word' id='word_1_57' title='bbox 53 707 159 750; x_wconf 59' lang='lat' dir='ltr'>tua&#39;i</span> <span class='ocrx_word' id='word_1_58' title='bbox 186 709 367 759; x_wconf 78' lang='lat' dir='ltr'>Quanto</span> <span class='ocrx_word' id='word_1_59' title='bbox 395 710 588 763; x_wconf 80' lang='lat' dir='ltr'>amplius</span> <span class='ocrx_word' id='word_1_60' title='bbox 612 711 696 752; x_wconf 84' lang='lat' dir='ltr'>tibi</span> <span class='ocrx_word' id='word_1_61' title='bbox 719 712 808 765; x_wconf 84' lang='lat' dir='ltr'>ipsi</span> <span class='ocrx_word' id='word_1_62' title='bbox 824 726 941 754; x_wconf 83' lang='lat' dir='ltr'>nunc</span> <span class='ocrx_word' id='word_1_63' title='bbox 958 714 1108 766; x_wconf 77' lang='lat' dir='ltr'>parcis</span> <span class='ocrx_word' id='word_1_64' title='bbox 1136 718 1182 754; x_wconf 82' lang='lat' dir='ltr'>et</span> <span class='ocrx_word' id='word_1_65' title='bbox 1199 727 1382 755; x_wconf 82' lang='lat' dir='ltr'>carnem</span> 
     </span>
     <span class='ocr_line' id='line_1_10' title="bbox 55 780 1382 837; baseline 0.004 -18"><span class='ocrx_word' id='word_1_66' title='bbox 55 780 276 833; x_wconf 86' lang='lat' dir='ltr'>sequeris,</span> <span class='ocrx_word' id='word_1_67' title='bbox 309 784 438 821; x_wconf 82' lang='lat' dir='ltr'>tanto</span> <span class='ocrx_word' id='word_1_68' title='bbox 465 780 621 825; x_wconf 80' lang='lat' dir='ltr'>durius</span> <span class='ocrx_word' id='word_1_69' title='bbox 645 786 811 834; x_wconf 78' lang='lat' dir='ltr'>postea</span> <span class='ocrx_word' id='word_1_70' title='bbox 835 782 935 826; x_wconf 81' lang='lat' dir='ltr'>lues</span> <span class='ocrx_word' id='word_1_71' title='bbox 963 788 1008 823; x_wconf 85' lang='lat' dir='ltr'>et</span> <span class='ocrx_word' id='word_1_72' title='bbox 1031 785 1256 837; x_wconf 83' lang='lat' dir='ltr'>majorem</span> <span class='ocrx_word' id='word_1_73' title='bbox 1288 798 1382 824; x_wconf 80' lang='lat' dir='ltr'>ma-</span> 
     </span>
     <span class='ocr_line' id='line_1_11' title="bbox 54 850 1382 907; baseline 0.005 -18"><span class='ocrx_word' id='word_1_74' title='bbox 54 850 219 891; x_wconf 82' lang='lat' dir='ltr'>teriam</span> <span class='ocrx_word' id='word_1_75' title='bbox 245 851 542 895; x_wconf 87' lang='lat' dir='ltr'>comburendi</span> <span class='ocrx_word' id='word_1_76' title='bbox 564 863 790 895; x_wconf 79' lang='lat' dir='ltr'><strong>reservas.</strong></span> <span class='ocrx_word' id='word_1_77' title='bbox 849 853 900 893; x_wconf 91' lang='lat' dir='ltr'>In</span> <span class='ocrx_word' id='word_1_78' title='bbox 926 853 1088 906; x_wconf 87' lang='lat' dir='ltr'>quibus</span> <span class='ocrx_word' id='word_1_79' title='bbox 1115 851 1251 895; x_wconf 86' lang='lat' dir='ltr'>homo</span> <span class='ocrx_word' id='word_1_80' title='bbox 1278 867 1382 907; x_wconf 87' lang='lat' dir='ltr'>pec-</span> 
     </span>
     <span class='ocr_line' id='line_1_12' title="bbox 57 921 1381 976; baseline 0.003 -16"><span class='ocrx_word' id='word_1_81' title='bbox 57 921 197 971; x_wconf 82' lang='lat' dir='ltr'>cavit,</span> <span class='ocrx_word' id='word_1_82' title='bbox 221 922 268 965; x_wconf 84' lang='lat' dir='ltr'>in</span> <span class='ocrx_word' id='word_1_83' title='bbox 291 922 383 966; x_wconf 84' lang='lat' dir='ltr'>illis</span> <span class='ocrx_word' id='word_1_84' title='bbox 410 922 595 976; x_wconf 77' lang='lat' dir='ltr'>gravius</span> <span class='ocrx_word' id='word_1_85' title='bbox 615 923 841 975; x_wconf 85' lang='lat' dir='ltr'>punietur.</span> <span class='ocrx_word' id='word_1_86' title='bbox 901 924 968 964; x_wconf 88' lang='lat' dir='ltr'>lbi</span> <span class='ocrx_word' id='word_1_87' title='bbox 995 923 1202 966; x_wconf 80' lang='lat' dir='ltr'>acediosi</span> <span class='ocrx_word' id='word_1_88' title='bbox 1220 925 1381 966; x_wconf 81' lang='lat' dir='ltr'>arden-</span> 
     </span>
     <span class='ocr_line' id='line_1_13' title="bbox 51 992 1381 1049; baseline 0.002 -18"><span class='ocrx_word' id='word_1_89' title='bbox 51 992 172 1036; x_wconf 79' lang='lat' dir='ltr'>tibus</span> <span class='ocrx_word' id='word_1_90' title='bbox 190 992 384 1036; x_wconf 84' lang='lat' dir='ltr'>stimulis</span> <span class='ocrx_word' id='word_1_91' title='bbox 401 993 767 1046; x_wconf 81' lang='lat' dir='ltr'>perurgebuntur</span> <span class='ocrx_word' id='word_1_92' title='bbox 777 1023 789 1043; x_wconf 91' lang='lat'>‚</span> <span class='ocrx_word' id='word_1_93' title='bbox 810 997 856 1034; x_wconf 88' lang='lat' dir='ltr'>et</span> <span class='ocrx_word' id='word_1_94' title='bbox 871 994 1025 1048; x_wconf 77' lang='lat' dir='ltr'>gulosi</span> <span class='ocrx_word' id='word_1_95' title='bbox 1040 994 1218 1049; x_wconf 80' lang='lat' dir='ltr'>ingenti</span> <span class='ocrx_word' id='word_1_96' title='bbox 1234 996 1309 1038; x_wconf 83' lang='lat' dir='ltr'>siti</span> <span class='ocrx_word' id='word_1_97' title='bbox 1328 1007 1381 1036; x_wconf 76' lang='lat' dir='ltr'>ae</span> 
     </span>
     <span class='ocr_line' id='line_1_14' title="bbox 51 1060 1381 1119; baseline 0.004 -18"><span class='ocrx_word' id='word_1_98' title='bbox 51 1060 174 1102; x_wconf 74' lang='lat' dir='ltr'>fame</span> <span class='ocrx_word' id='word_1_99' title='bbox 222 1062 558 1103; x_wconf 80' lang='lat' dir='ltr'>cruciabuntur.</span> <span class='ocrx_word' id='word_1_100' title='bbox 617 1064 686 1104; x_wconf 93' lang='lat' dir='ltr'>Ibi</span> <span class='ocrx_word' id='word_1_101' title='bbox 731 1064 957 1108; x_wconf 83' lang='lat' dir='ltr'>luxuriosi</span> <span class='ocrx_word' id='word_1_102' title='bbox 1004 1069 1051 1106; x_wconf 79' lang='lat' dir='ltr'>et</span> <span class='ocrx_word' id='word_1_103' title='bbox 1094 1066 1381 1119; x_wconf 68' lang='lat' dir='ltr'>voluptatum</span> 
     </span>
     <span class='ocr_line' id='line_1_15' title="bbox 53 1133 1379 1189; baseline 0.004 -18"><span class='ocrx_word' id='word_1_104' title='bbox 53 1137 283 1178; x_wconf 79' lang='lat' dir='ltr'>amatores</span> <span class='ocrx_word' id='word_1_105' title='bbox 303 1133 591 1187; x_wconf 85' lang='lat' dir='ltr'>ardentipice</span> <span class='ocrx_word' id='word_1_106' title='bbox 610 1139 655 1175; x_wconf 86' lang='lat' dir='ltr'>et</span> <span class='ocrx_word' id='word_1_107' title='bbox 672 1133 850 1175; x_wconf 86' lang='lat' dir='ltr'>foetido</span> <span class='ocrx_word' id='word_1_108' title='bbox 869 1134 1086 1189; x_wconf 82' lang='lat' dir='ltr'>sulphure</span> <span class='ocrx_word' id='word_1_109' title='bbox 1103 1135 1379 1189; x_wconf 80' lang='lat' dir='ltr'>perfunden-</span> 
     </span>
     <span class='ocr_line' id='line_1_16' title="bbox 49 1203 1379 1258; baseline 0.005 -16"><span class='ocrx_word' id='word_1_110' title='bbox 49 1209 138 1252; x_wconf 83' lang='lat' dir='ltr'>tur‚</span> <span class='ocrx_word' id='word_1_111' title='bbox 158 1208 205 1247; x_wconf 83' lang='lat' dir='ltr'>et</span> <span class='ocrx_word' id='word_1_112' title='bbox 219 1204 338 1245; x_wconf 86' lang='lat' dir='ltr'>sieut</span> <span class='ocrx_word' id='word_1_113' title='bbox 353 1203 520 1247; x_wconf 81' lang='lat' dir='ltr'>furiosi</span> <span class='ocrx_word' id='word_1_114' title='bbox 537 1217 673 1246; x_wconf 80' lang='lat' dir='ltr'>canes</span> <span class='ocrx_word' id='word_1_115' title='bbox 690 1217 802 1258; x_wconf 83' lang='lat' dir='ltr'>prae</span> <span class='ocrx_word' id='word_1_116' title='bbox 821 1205 983 1248; x_wconf 86' lang='lat' dir='ltr'>dolore</span> <span class='ocrx_word' id='word_1_117' title='bbox 1000 1207 1217 1248; x_wconf 84' lang='lat' dir='ltr'>invidiosi</span> <span class='ocrx_word' id='word_1_118' title='bbox 1236 1208 1379 1248; x_wconf 85' lang='lat' dir='ltr'>ulula-</span> 
     </span>
     <span class='ocr_line' id='line_1_17' title="bbox 49 1273 176 1314; baseline 0.008 -1"><span class='ocrx_word' id='word_1_119' title='bbox 49 1273 176 1314; x_wconf 87' lang='lat' dir='ltr'>bunt.</span> 
     </span>
    </p>

    <p class='ocr_par' dir='ltr' id='par_1_4' title="bbox 47 1343 1379 2178">
     <span class='ocr_line' id='line_1_18' title="bbox 133 1343 1377 1401; baseline 0.006 -18"><span class='ocrx_word' id='word_1_120' title='bbox 133 1343 174 1384; x_wconf 81' lang='lat'>4.</span> <span class='ocrx_word' id='word_1_121' title='bbox 205 1344 392 1388; x_wconf 82' lang='lat' dir='ltr'>Nullum</span> <span class='ocrx_word' id='word_1_122' title='bbox 407 1346 566 1390; x_wconf 80' lang='lat' dir='ltr'>vitium</span> <span class='ocrx_word' id='word_1_123' title='bbox 585 1347 693 1396; x_wconf 83' lang='lat' dir='ltr'>erit,</span> <span class='ocrx_word' id='word_1_124' title='bbox 722 1346 845 1400; x_wconf 91' lang='lat' dir='ltr'>quod</span> <span class='ocrx_word' id='word_1_125' title='bbox 871 1359 1000 1391; x_wconf 89' lang='lat' dir='ltr'>suum</span> <span class='ocrx_word' id='word_1_126' title='bbox 1025 1350 1263 1401; x_wconf 84' lang='lat' dir='ltr'>proprium</span> <span class='ocrx_word' id='word_1_127' title='bbox 1280 1363 1377 1390; x_wconf 84' lang='lat' dir='ltr'>cru-</span> 
     </span>
     <span class='ocr_line' id='line_1_19' title="bbox 54 1413 1378 1471; baseline 0.005 -18"><span class='ocrx_word' id='word_1_128' title='bbox 54 1414 221 1454; x_wconf 83' lang='lat' dir='ltr'>ciatum</span> <span class='ocrx_word' id='word_1_129' title='bbox 252 1428 344 1456; x_wconf 88' lang='lat' dir='ltr'>non</span> <span class='ocrx_word' id='word_1_130' title='bbox 376 1413 577 1459; x_wconf 82' lang='lat' dir='ltr'>habebit.</span> <span class='ocrx_word' id='word_1_131' title='bbox 636 1418 705 1458; x_wconf 91' lang='lat' dir='ltr'>lbi</span> <span class='ocrx_word' id='word_1_132' title='bbox 736 1418 922 1471; x_wconf 76' lang='lat' dir='ltr'>superbi</span> <span class='ocrx_word' id='word_1_133' title='bbox 954 1418 1078 1461; x_wconf 88' lang='lat' dir='ltr'>omni</span> <span class='ocrx_word' id='word_1_134' title='bbox 1105 1418 1378 1461; x_wconf 83' lang='lat' dir='ltr'>confusione</span> 
     </span>
     <span class='ocr_line' id='line_1_20' title="bbox 49 1485 1379 1542; baseline 0.005 -17"><span class='ocrx_word' id='word_1_135' title='bbox 49 1485 369 1538; x_wconf 79' lang='lat' dir='ltr'>replebuntur,</span> <span class='ocrx_word' id='word_1_136' title='bbox 397 1491 444 1527; x_wconf 85' lang='lat' dir='ltr'>et</span> <span class='ocrx_word' id='word_1_137' title='bbox 468 1488 596 1527; x_wconf 83' lang='lat' dir='ltr'>avari</span> <span class='ocrx_word' id='word_1_138' title='bbox 619 1489 877 1529; x_wconf 78' lang='lat' dir='ltr'>miserrima</span> <span class='ocrx_word' id='word_1_139' title='bbox 904 1493 1111 1542; x_wconf 83' lang='lat' dir='ltr'>egestate</span> <span class='ocrx_word' id='word_1_140' title='bbox 1139 1491 1379 1532; x_wconf 82' lang='lat' dir='ltr'>arctabun-</span> 
     </span>
     <span class='ocr_line' id='line_1_21' title="bbox 49 1556 1379 1613; baseline 0.004 -17"><span class='ocrx_word' id='word_1_141' title='bbox 49 1562 137 1597; x_wconf 83' lang='lat' dir='ltr'>tur.</span> <span class='ocrx_word' id='word_1_142' title='bbox 195 1556 265 1598; x_wconf 89' lang='lat' dir='ltr'>lbi</span> <span class='ocrx_word' id='word_1_143' title='bbox 290 1558 378 1598; x_wconf 88' lang='lat' dir='ltr'>erit</span> <span class='ocrx_word' id='word_1_144' title='bbox 400 1570 491 1598; x_wconf 78' lang='lat' dir='ltr'>una</span> <span class='ocrx_word' id='word_1_145' title='bbox 514 1557 631 1602; x_wconf 85' lang='lat' dir='ltr'>hora</span> <span class='ocrx_word' id='word_1_146' title='bbox 657 1559 844 1613; x_wconf 82' lang='lat' dir='ltr'>gravior</span> <span class='ocrx_word' id='word_1_147' title='bbox 865 1559 912 1598; x_wconf 92' lang='lat' dir='ltr'>in</span> <span class='ocrx_word' id='word_1_148' title='bbox 937 1570 1110 1612; x_wconf 83' lang='lat' dir='ltr'>poena,</span> <span class='ocrx_word' id='word_1_149' title='bbox 1144 1572 1278 1613; x_wconf 83' lang='lat' dir='ltr'>quam</span> <span class='ocrx_word' id='word_1_150' title='bbox 1305 1559 1379 1602; x_wconf 83' lang='lat' dir='ltr'>hie</span> 
     </span>
     <span class='ocr_line' id='line_1_22' title="bbox 52 1629 1378 1683; baseline 0.002 -16"><span class='ocrx_word' id='word_1_151' title='bbox 52 1631 230 1668; x_wconf 82' lang='lat' dir='ltr'>eentum</span> <span class='ocrx_word' id='word_1_152' title='bbox 263 1629 370 1669; x_wconf 83' lang='lat' dir='ltr'>anni</span> <span class='ocrx_word' id='word_1_153' title='bbox 399 1629 448 1672; x_wconf 88' lang='lat' dir='ltr'>in</span> <span class='ocrx_word' id='word_1_154' title='bbox 479 1630 752 1683; x_wconf 80' lang='lat' dir='ltr'>gravissima</span> <span class='ocrx_word' id='word_1_155' title='bbox 784 1630 1083 1683; x_wconf 80' lang='lat' dir='ltr'>poenitentia.</span> <span class='ocrx_word' id='word_1_156' title='bbox 1150 1630 1221 1672; x_wconf 88' lang='lat' dir='ltr'>Ibi</span> <span class='ocrx_word' id='word_1_157' title='bbox 1251 1631 1378 1671; x_wconf 79' lang='lat' dir='ltr'>nulla</span> 
     </span>
     <span class='ocr_line' id='line_1_23' title="bbox 48 1698 1376 1752; baseline 0.002 -14"><span class='ocrx_word' id='word_1_158' title='bbox 48 1698 234 1752; x_wconf 87' lang='lat' dir='ltr'>requies</span> <span class='ocrx_word' id='word_1_159' title='bbox 253 1704 336 1749; x_wconf 88' lang='lat' dir='ltr'>est,</span> <span class='ocrx_word' id='word_1_160' title='bbox 354 1699 482 1739; x_wconf 84' lang='lat' dir='ltr'>nulla</span> <span class='ocrx_word' id='word_1_161' title='bbox 500 1699 756 1741; x_wconf 86' lang='lat' dir='ltr'>consolatio</span> <span class='ocrx_word' id='word_1_162' title='bbox 777 1700 1024 1750; x_wconf 78' lang='lat' dir='ltr'>damnatis3</span> <span class='ocrx_word' id='word_1_163' title='bbox 1051 1699 1126 1742; x_wconf 85' lang='lat' dir='ltr'>hic</span> <span class='ocrx_word' id='word_1_164' title='bbox 1141 1706 1293 1743; x_wconf 80' lang='lat' dir='ltr'>tamen</span> <span class='ocrx_word' id='word_1_165' title='bbox 1310 1703 1376 1741; x_wconf 90' lang='lat' dir='ltr'>in-</span> 
     </span>
     <span class='ocr_line' id='line_1_24' title="bbox 47 1769 1376 1826; baseline 0.002 -17"><span class='ocrx_word' id='word_1_166' title='bbox 47 1769 229 1810; x_wconf 81' lang='lat' dir='ltr'>terdum</span> <span class='ocrx_word' id='word_1_167' title='bbox 255 1775 463 1814; x_wconf 79' lang='lat' dir='ltr'>cessatur</span> <span class='ocrx_word' id='word_1_168' title='bbox 479 1782 507 1810; x_wconf 83' lang='lat' dir='ltr'>a</span> <span class='ocrx_word' id='word_1_169' title='bbox 522 1770 758 1812; x_wconf 86' lang='lat' dir='ltr'>laboribus</span> <span class='ocrx_word' id='word_1_170' title='bbox 784 1775 921 1826; x_wconf 83' lang='lat' dir='ltr'>atque</span> <span class='ocrx_word' id='word_1_171' title='bbox 940 1772 1192 1813; x_wconf 78' lang='lat' dir='ltr'>amicorum</span> <span class='ocrx_word' id='word_1_172' title='bbox 1208 1773 1376 1813; x_wconf 82' lang='lat' dir='ltr'>fruitur</span> 
     </span>
     <span class='ocr_line' id='line_1_25' title="bbox 49 1840 1374 1897; baseline 0.003 -17"><span class='ocrx_word' id='word_1_173' title='bbox 49 1840 242 1881; x_wconf 82' lang='lat' dir='ltr'>solatiis.</span> <span class='ocrx_word' id='word_1_174' title='bbox 302 1841 414 1882; x_wconf 85' lang='lat' dir='ltr'>Esto</span> <span class='ocrx_word' id='word_1_175' title='bbox 439 1840 577 1882; x_wconf 89' lang='lat' dir='ltr'>modo</span> <span class='ocrx_word' id='word_1_176' title='bbox 604 1841 829 1883; x_wconf 84' lang='lat' dir='ltr'>sollicitus</span> <span class='ocrx_word' id='word_1_177' title='bbox 849 1846 895 1883; x_wconf 83' lang='lat' dir='ltr'>et</span> <span class='ocrx_word' id='word_1_178' title='bbox 917 1841 1078 1883; x_wconf 88' lang='lat' dir='ltr'>dolens</span> <span class='ocrx_word' id='word_1_179' title='bbox 1102 1855 1188 1896; x_wconf 88' lang='lat' dir='ltr'>pro</span> <span class='ocrx_word' id='word_1_180' title='bbox 1211 1856 1374 1897; x_wconf 86' lang='lat' dir='ltr'>pecca-</span> 
     </span>
     <span class='ocr_line' id='line_1_26' title="bbox 48 1911 1373 1965; baseline 0.003 -15"><span class='ocrx_word' id='word_1_181' title='bbox 48 1912 108 1952; x_wconf 84' lang='lat' dir='ltr'>tis</span> <span class='ocrx_word' id='word_1_182' title='bbox 138 1911 254 1961; x_wconf 84' lang='lat' dir='ltr'>tuis,</span> <span class='ocrx_word' id='word_1_183' title='bbox 285 1916 337 1954; x_wconf 83' lang='lat' dir='ltr'>ut</span> <span class='ocrx_word' id='word_1_184' title='bbox 364 1912 412 1952; x_wconf 89' lang='lat' dir='ltr'>in</span> <span class='ocrx_word' id='word_1_185' title='bbox 445 1911 520 1953; x_wconf 88' lang='lat' dir='ltr'>die</span> <span class='ocrx_word' id='word_1_186' title='bbox 554 1911 718 1965; x_wconf 81' lang='lat' dir='ltr'>judicii</span> <span class='ocrx_word' id='word_1_187' title='bbox 757 1926 947 1954; x_wconf 80' lang='lat' dir='ltr'>securus</span> <span class='ocrx_word' id='word_1_188' title='bbox 980 1913 1043 1954; x_wconf 89' lang='lat' dir='ltr'>sis</span> <span class='ocrx_word' id='word_1_189' title='bbox 1076 1926 1178 1954; x_wconf 85' lang='lat' dir='ltr'>cum</span> <span class='ocrx_word' id='word_1_190' title='bbox 1208 1914 1373 1955; x_wconf 80' lang='lat' dir='ltr'>beatis.</span> 
     </span>
     <span class='ocr_line' id='line_1_27' title="bbox 49 1982 1375 2037; baseline 0.002 -16"><span class='ocrx_word' id='word_1_191' title='bbox 49 1982 204 2024; x_wconf 85' lang='lat' dir='ltr'>Tunc</span> <span class='ocrx_word' id='word_1_192' title='bbox 229 1982 348 2022; x_wconf 90' lang='lat' dir='ltr'>enim</span> <span class='ocrx_word' id='word_1_193' title='bbox 371 1983 513 2022; x_wconf 81' lang='lat' dir='ltr'>iusti</span> <span class='ocrx_word' id='word_1_194' title='bbox 543 1983 776 2024; x_wconf 79' lang='lat' dir='ltr'>stabunt</span> <span class='ocrx_word' id='word_1_195' title='bbox 806 1984 858 2023; x_wconf 92' lang='lat' dir='ltr'>in</span> <span class='ocrx_word' id='word_1_196' title='bbox 886 1995 1086 2037; x_wconf 81' lang='lat' dir='ltr'>magna</span> <span class='ocrx_word' id='word_1_197' title='bbox 1118 1988 1375 2024; x_wconf 78' lang='lat' dir='ltr'>constan-</span> 
     </span>
     <span class='ocr_line' id='line_1_28' title="bbox 48 2051 1374 2108; baseline 0.003 -18"><span class='ocrx_word' id='word_1_198' title='bbox 48 2052 130 2091; x_wconf 86' lang='lat' dir='ltr'>tia</span> <span class='ocrx_word' id='word_1_199' title='bbox 176 2051 451 2093; x_wconf 79' lang='lat' dir='ltr'>adversus</span> <span class='ocrx_word' id='word_1_200' title='bbox 498 2065 617 2102; x_wconf 89' lang='lat' dir='ltr'>eos,</span> <span class='ocrx_word' id='word_1_201' title='bbox 666 2054 759 2106; x_wconf 89' lang='lat' dir='ltr'>qui</span> <span class='ocrx_word' id='word_1_202' title='bbox 797 2065 854 2094; x_wconf 90' lang='lat' dir='ltr'>se</span> <span class='ocrx_word' id='word_1_203' title='bbox 896 2055 1374 2108; x_wconf 78' lang='lat' dir='ltr'>angustiaverunt</span> 
     </span>
     <span class='ocr_line' id='line_1_29' title="bbox 49 2121 1371 2178; baseline 0.003 -18"><span class='ocrx_word' id='word_1_204' title='bbox 49 2127 95 2161; x_wconf 85' lang='lat' dir='ltr'>et</span> <span class='ocrx_word' id='word_1_205' title='bbox 127 2121 465 2175; x_wconf 80' lang='lat' dir='ltr'>depresserunt.</span> <span class='ocrx_word' id='word_1_206' title='bbox 527 2122 657 2163; x_wconf 87' lang='lat' dir='ltr'>Tune</span> <span class='ocrx_word' id='word_1_207' title='bbox 688 2123 829 2163; x_wconf 76' lang='lat' dir='ltr'>stabit</span> <span class='ocrx_word' id='word_1_208' title='bbox 853 2123 909 2163; x_wconf 85' lang='lat' dir='ltr'>ad</span> <span class='ocrx_word' id='word_1_209' title='bbox 939 2124 1259 2177; x_wconf 80' lang='lat' dir='ltr'>judicandum,</span> <span class='ocrx_word' id='word_1_210' title='bbox 1294 2125 1371 2178; x_wconf 91' lang='lat' dir='ltr'>qui</span> 
     </span>
    </p>
   </div>
   <div class='ocr_carea' id='block_1_4' title="bbox 133 2258 377 2302">
    <p class='ocr_par' dir='ltr' id='par_1_5' title="bbox 133 2258 377 2302">
     <span class='ocr_line' id='line_1_30' title="bbox 133 2258 377 2302; baseline 0 -10"><span class='ocrx_word' id='word_1_211' title='bbox 133 2264 166 2292; x_wconf 87' lang='lat'>4.</span> <span class='ocrx_word' id='word_1_212' title='bbox 199 2258 284 2302; x_wconf 86' lang='lat' dir='ltr'>Sap.</span> <span class='ocrx_word' id='word_1_213' title='bbox 301 2264 332 2298; x_wconf 87' lang='lat'>5,</span> <span class='ocrx_word' id='word_1_214' title='bbox 349 2263 377 2292; x_wconf 88' lang='lat'>1.</span> 
     </span>
    </p>
   </div>
  </div>
 </body>
</html>
