1530 2517
323 87 587 125 CHRISTI
642 89 752 126 Lm.
784 90 854 126 111.
889 91 1010 128 CAP.
1041 93 1107 128 49.
1289 88 1369 130 169

41 183 125 224 sed
140 196 232 225 non
249 189 383 238 potes
400 183 490 226 hoc
511 185 697 240 assequi
712 185 867 227 modo.
927 186 1028 240 Ego
1055 200 1177 238 sum3
1210 199 1369 242 exspe-

41 259 115 296 cta
132 267 220 306 me,
241 255 352 297 dicit
366 255 608 307 Dominus,
629 255 778 298 donec
793 257 948 298 veniat
962 269 1155 311 regnum
1170 259 1276 300 Dei.

125 340 166 379 4.
198 339 470 382 Probandus
490 353 538 382 es
558 338 707 382 adhuc
722 341 768 381 in
786 341 923 381 terris
944 342 1050 382 etin
1066 341 1221 382 multis
1241 354 1369 383 exer-

42 410 266 452 citandus.
329 411 600 453 Consolatio
618 412 703 452 tibi
719 411 949 454 interdum
967 411 1166 462 dabitur,
1193 412 1276 453 sed
1294 425 1368 453 co-

40 482 175 534 piosa
206 482 399 523 satietas
434 494 526 523 non
552 481 846 523 concedetur.
909 481 1186 524 eonfortare
1210 483 1369 537 igitur,

40 557 86 592 et
103 557 202 593 esto
219 553 439 594 robustus
457 558 552 593 tam
568 553 616 593 in
635 553 815 607 agendo
836 565 972 607 quam
991 554 1036 593 in
1054 552 1272 606 patiendo
1290 565 1368 592 na-

37 627 170 664 turae
197 626 445 666 contraria.
509 625 705 677 Oportet
728 628 775 665 te
807 636 976 664 novum
999 623 1190 665 induere
1223 622 1367 674 homi-

36 705 140 734 nem
168 699 214 735 et
236 695 284 734 in
309 695 504 736 alterum
529 696 676 735 virum
700 695 882 734 mutari.
947 695 1144 747 Oportet
1160 699 1205 735 te
1226 707 1367 748 saepe

37 777 192 819 agere,
213 765 337 819 quod
353 778 447 806 non
462 767 552 816 vis,
578 769 625 806 et
642 764 765 819 quod
783 766 866 815 vis,
888 770 1074 818 oportet
1087 765 1366 819 relinquere.

38 836 173 885 Quod
192 836 296 877 aliis
312 836 481 890 placet,
500 848 768 889 processum
786 833 996 885 habebit3
1031 834 1154 888 quod
1170 835 1256 875 tibi
1271 834 1367 888 pla-

37 910 124 957 cet,
141 906 265 948 ultra
279 919 373 947 non
389 906 616 960 proficiet.
681 905 817 955 Quod
835 905 916 947 alii
933 904 1110 954 dicunt,
1132 904 1368 955 audietu13

36 976 160 1031 quod
175 981 226 1018 tu
243 976 358 1018 dicis
369 1007 382 1028 ,
405 989 489 1031 pro
507 974 652 1016 nihilo
674 975 1029 1030 computabitur.
1088 974 1255 1016 Petent
1272 976 1366 1026 alii,

37 1053 84 1088 et
100 1048 348 1101 accipient:
380 1051 429 1087 tu
447 1051 593 1100 petes,
611 1058 698 1087 nec
713 1046 1000 1100 impetrabis.

120 1133 159 1173 5.
191 1133 338 1175 Erunt
355 1132 436 1173 alii
451 1132 608 1186 magni
623 1132 671 1172 in
689 1143 770 1172 ore
789 1130 1022 1171 hominum
1034 1160 1047 1181 ,
1074 1131 1130 1171 de
1147 1136 1195 1172 te
1215 1136 1366 1171 autem

35 1204 278 1244 tacebitur.
337 1203 451 1244 Aliis
469 1201 559 1243 hoc
574 1202 650 1243 vel
665 1201 782 1242 illud
804 1203 1128 1251 committetur,
1147 1207 1196 1242 tu
1215 1207 1366 1242 autem

38 1273 95 1313 ad
112 1271 226 1313 nihil
242 1273 368 1314 utilis
381 1273 691 1327 judicaberis.
726 1273 924 1326 Propter
940 1270 1029 1313 hoc
1044 1277 1210 1312 natura
1229 1285 1368 1326 quan-

38 1344 189 1398 doque
208 1344 579 1394 contristabitur,
608 1348 654 1384 et
677 1356 914 1398 magnum,
940 1344 980 1384 si
997 1342 1138 1384 silens
1155 1348 1367 1396 portave-

32 1415 113 1455 ris.
171 1415 223 1455 In
255 1412 325 1456 his
352 1419 399 1456 et
422 1415 647 1456 similibus
675 1414 832 1455 multis
858 1414 1046 1468 probari
1070 1413 1192 1454 solet
1215 1414 1366 1454 fidelis

34 1485 224 1526 Domini
247 1497 433 1537 servus,
460 1486 660 1541 qualiter
684 1497 735 1526 se
762 1485 994 1538 abnegare
1022 1488 1068 1525 et
1083 1485 1130 1524 in
1158 1485 1366 1525 omnibus

34 1555 252 1610 frangere
279 1556 489 1611 quiverit.
550 1556 641 1598 Vix
659 1559 731 1596 est
755 1555 930 1609 aliquid
945 1554 1063 1605 tale,
1088 1555 1135 1594 in
1160 1567 1248 1609 quo
1267 1560 1365 1595 tan-

33 1625 219 1667 tundem
236 1628 354 1668 mori
370 1626 576 1681 indiges,
603 1626 723 1666 sicut
745 1626 904 1667 videre
932 1630 978 1667 et
1000 1626 1120 1679 pati,
1148 1637 1264 1679 quae
1286 1638 1366 1666 vo-

33 1697 200 1737 luntati
221 1702 330 1739 tuae
357 1697 553 1738 adversa
578 1701 704 1740 sunt3
735 1698 934 1737 maxime
969 1701 1120 1737 autem
1148 1709 1246 1737 cum
1276 1696 1365 1736 dis-

34 1768 354 1809 convenientia
376 1773 422 1809 et
440 1780 556 1821 quae
572 1769 722 1807 minus
742 1767 873 1806 utilia
890 1767 976 1807 tibi
994 1772 1237 1821 apparent,
1264 1768 1362 1807 fieri

29 1838 261 1892 jubentur.
317 1840 377 1880 Et
394 1840 501 1893 quia
525 1851 616 1879 non
645 1843 786 1878 audes
811 1838 1031 1878 resistere
1058 1838 1211 1878 altiori
1236 1843 1364 1891 pote-

126 2049 160 2080 5.
188 2046 421 2080 Ed.a.1487.
442 2045 881 2081 etvalartff—natura
906 2046 1166 2090 aliquando
1193 2048 1366 2081 contri-

34 2108 274 2148 stabitur,
322 2112 367 2142 et
405 2118 615 2150 magnum
657 2113 895 2142 certamen
937 2109 1227 2148 sustinebit3
1286 2109 1363 2141 sed

32 2179 246 2211 magnum
277 2169 441 2203 bonum
481 2169 590 2203 inde
630 2170 958 2211 consequeris,
996 2170 1032 2203 si
1068 2168 1219 2203 silens
1253 2167 1366 2202 haec

31 2230 315 2270 portaveris.
