1530 2517
168 128 220 169 98
563 131 646 167 DE
685 132 1086 169 IMITATIONE

166 227 404 280 accipient.
428 242 439 255 ε
455 226 544 276 Qui
561 230 715 268 autem
733 231 863 269 extra
879 240 951 269 me
969 227 1168 268 voluerit
1185 227 1391 282 gloriari,
1409 229 1483 269 vel

163 297 211 335 in
237 295 390 350 aliquo
416 297 594 349 privato
618 297 741 338 bono
769 297 1011 349 delectari,
1037 309 1129 338 non
1154 297 1414 338 stabilietur
1435 299 1482 338 in

162 377 271 405 vero
290 365 460 419 gaudio
477 379 625 421 neque
641 368 689 407 in
706 368 844 409 corde
862 380 944 409 suo
965 367 1251 417 dilatabitur,
1270 366 1353 408 sed
1368 367 1480 407 mul-

157 435 378 488 tipliciter
406 436 683 489 impedietur
723 442 769 479 et
800 439 1148 492 angustiabitur.
1207 435 1334 478 Nihil
1367 449 1477 491 ergo

157 505 243 545 tibi
260 505 317 547 de
334 506 454 547 bono
475 505 736 548 adscribere
756 507 894 548 debes
906 538 917 558 ,
943 520 1029 549 nec
1049 507 1187 548 alicui
1202 505 1376 547 homini
1390 508 1478 549 vir-

157 579 302 616 tutem
327 577 571 625 attribuas,
611 575 694 616 sed
717 581 865 617 totum
891 577 949 618 da
972 578 1100 628 Deo,
1133 578 1230 618 sine
1250 590 1338 631 quo
1364 576 1478 618 nihil

158 644 298 687 habet
321 644 474 687 homo.
532 647 633 701 Ego
657 651 803 688 totum
829 647 958 698 dedi,
986 660 1072 701 ego
1088 651 1235 688 totum
1251 646 1475 689 rehabere

156 715 287 766 volo,
316 720 361 757 et
386 729 486 757 cum
507 729 675 771 magna
692 717 976 759 districtione
994 718 1245 772 gratiarum
1271 719 1475 758 actiones

153 787 355 841 requiro.

239 856 278 896 3.
310 856 442 898 Haec
461 863 530 899 est
544 859 736 910 veritas,
764 870 853 913 qua
870 858 1059 912 fugatur
1083 856 1262 911 gloriae
1279 858 1471 897 vanitas.

155 926 216 965 Et
239 928 279 966 si
301 927 541 968 intraverit
566 928 780 969 coelestis
801 928 953 982 gratia
979 932 1025 968 et
1039 939 1149 968 vera
1175 928 1356 978 caritas,
1383 940 1476 968 non
1495 917 1498 927 ³

158 996 245 1036 erit
262 996 416 1052 aliqua
431 997 605 1038 invidia
628 1011 713 1038 nec
738 998 992 1039 contractio
1020 998 1194 1048 cordis,
1220 1010 1369 1052 neque
1385 998 1474 1051 pri-

153 1071 285 1107 vatus
320 1080 449 1108 amor
482 1080 622 1121 occup
630 1068 736 1108 abit.
803 1068 956 1109 Vincit
988 1068 1107 1108 enim
1139 1068 1291 1108 omnia
1324 1067 1476 1108 divina

158 1139 325 1179 caritas
345 1142 391 1179 et
406 1137 569 1179 dilatat
586 1151 741 1185 omnes
761 1139 940 1179 animae
957 1138 1092 1181 vires.
1127 1136 1176 1178 Si
1190 1142 1317 1179 recte
1335 1139 1474 1191 sapis,

155 1208 203 1247 in
218 1221 291 1248 me
309 1208 409 1249 solo
422 1208 659 1262 gaudebis,
670 1209 716 1248 in
732 1221 805 1249 me
824 1207 924 1248 solo
938 1207 1167 1260 sperabis3
1187 1209 1293 1262 quia
1316 1222 1345 1248 n
1357 1221 1434 1248 em
1447 1221 1472 1248 o

154 1277 364 1329 bonus,
398 1279 512 1319 nisi
542 1278 699 1319 solus
731 1278 903 1327 Deus,
946 1277 1023 1331 qui
1054 1281 1124 1317 est
1155 1290 1292 1331 super
1323 1279 1476 1318 omnia

155 1347 411 1389 laudandus
431 1352 476 1390 et
490 1349 537 1389 in
556 1348 762 1389 omnibus
778 1346 1135 1389 benedicendus.

610 1786 875 1833 CAPUT
938 1788 1012 1832 X.

265 1898 395 1950 Quod
422 1907 567 1954 spreto
602 1900 760 1944 mundo
796 1900 916 1941 dulce
949 1906 1014 1942 est
1042 1900 1203 1942 servire
1233 1898 1346 1942 Deo.

230 2054 270 2093 1.
301 2035 446 2095 Nunc
468 2053 634 2094 iterum
656 2051 843 2107 loquar,
861 2053 1081 2104 Domine,
1110 2058 1155 2094 et
1178 2065 1269 2093 non
1294 2051 1465 2101 sileb03

148 2122 296 2163 dicam
311 2124 358 2163 in
376 2124 558 2165 auribus
575 2123 666 2164 Dei
680 2123 793 2174 mei,
817 2124 1001 2164 Domini
1026 2125 1118 2165 mei
1143 2129 1189 2164 et
1210 2124 1334 2177 regis
1357 2123 1463 2173 mei,

236 2265 269 2295 3.
296 2263 386 2296 Luc.
403 2266 456 2302 18,
474 2266 528 2298 19-
