1530 2517
301 125 561 162 CHRISTI
617 126 726 161 LIB.
759 126 789 161 Ι.
823 127 944 163 CAP.
978 128 1042 163 22.
1062 128 1126 163 23.
1321 124 1372 164 41

55 222 192 263 etiam
225 223 315 263 cito
340 222 503 262 transit
529 234 556 262 a
579 226 747 262 mente.
809 223 845 263 Ο
872 221 1100 264 hebetudo
1131 227 1175 264 et
1206 223 1373 264 duritia

52 292 204 333 cordis
223 290 428 342 humani,
455 292 577 346 quod
601 292 751 333 solum
777 293 1040 346 praesentia
1064 292 1311 334 meditatur
1328 300 1373 335 et

50 361 206 403 futura
227 375 320 403 non
342 363 490 416 magis
518 361 773 415 praevidet!
809 362 885 404 Sic
910 368 954 403 te
979 363 1026 402 in
1045 364 1167 404 omni
1184 362 1308 404 facto
1328 370 1374 405 et

51 433 256 487 cogitatu
273 432 464 474 deberes
475 438 647 484 tenere,
661 433 792 487 quasi
810 431 947 474 hodie
966 445 1091 474 esses
1108 435 1369 475 moriturus.

51 501 100 544 Si
116 503 284 544 bonam
295 503 623 544 conscientiam
641 501 851 554 haberes,
864 516 955 544 non
971 503 1161 544 multum
1178 509 1373 546 mortem

49 573 250 614 timeres.
307 572 476 614 Melius
497 577 620 615 esset
633 578 825 628 peccata
837 586 1014 625 cavere,
1028 586 1162 628 quam
1177 580 1370 616 mortem

49 641 228 697 fugere.
290 642 339 685 Si
356 641 494 684 hodie
511 656 603 684 non
615 656 663 685 es
681 649 883 698 paratus,
899 645 1127 699 quomodo
1141 657 1241 686 cras
1254 643 1371 686 eris‘.l

50 713 165 754 Cras
199 718 270 754 est
301 713 399 755 dies
430 714 656 766 incertus3
699 719 746 757 et
777 715 885 769 quid
917 716 1022 766 scis,
1055 716 1094 756 si
1126 717 1371 756 crastinum

51 781 268 825 habebis‘.l

133 884 173 922 2.
208 883 328 933 Quid
357 882 549 937 prodest
580 883 658 923 diu
689 884 857 933 vivere,
893 883 1072 938 quando
1098 887 1191 923 tam
1216 896 1375 937 parum

51 951 370 994 emendamur?
401 951 483 1004 Ah,
516 953 658 1008 longa
687 953 784 994 vita
813 966 901 994 non
930 965 1112 1006 semper
1145 953 1372 1003 emendat,

45 1023 131 1064 sed
154 1035 293 1077 saepe
328 1023 507 1077 culpam
530 1024 678 1079 magis
705 1027 857 1077 auget.
917 1023 1100 1064 Utinam
1131 1036 1215 1076 per
1238 1036 1373 1063 unam

49 1093 169 1134 diem
185 1094 302 1135 bene
330 1106 534 1135 essemus
561 1094 822 1134 conversati
845 1093 890 1133 in
909 1091 998 1134 hoc
1013 1092 1203 1134 mundo!
1236 1095 1373 1135 Multi

48 1174 191 1204 annos
211 1168 475 1217 computant
492 1164 828 1209 conversionis,
855 1161 938 1204 sed
954 1175 1094 1217 saepe
1119 1176 1284 1217 parvus
1306 1169 1375 1205 est

47 1231 222 1274 fructus
257 1233 606 1274 emendationis.
667 1233 718 1275 Si
749 1233 1102 1275 formidolosum
1136 1239 1206 1275 est
1238 1235 1372 1284 mori,

51 1301 248 1343 forsitan
280 1304 585 1357 periculosius
620 1305 708 1345 erit
739 1304 908 1344 diutius
949 1305 1117 1345 vivere.
1185 1305 1373 1354 Beatus,

50 1374 127 1427 qui
147 1372 307 1414 horam
332 1374 493 1414 mortis
520 1385 632 1414 suae
659 1386 840 1427 semper
866 1380 970 1415 ante
997 1375 1156 1415 oculos
1174 1373 1313 1415 habet
1332 1379 1378 1415 et

53 1444 109 1483 ad
135 1444 422 1485 moriendum
449 1443 655 1498 quotidie
681 1456 731 1485 se
758 1444 972 1498 disponit.
1033 1444 1084 1486 Si
1107 1444 1263 1485 vidisti
1297 1445 1377 1484 ali-

53 1514 234 1568 quando
254 1512 485 1555 hominem
501 1515 634 1565 mori,
655 1514 823 1569 cogita,
837 1515 943 1569 quia
962 1519 1007 1556 et
1022 1520 1071 1555 tu
1087 1527 1170 1568 per
1187 1514 1377 1556 eandem

50 1585 171 1625 viam
186 1585 418 1626 transibis.

136 1679 176 1720 3.
210 1680 323 1721 Cum
338 1692 471 1722 mane
488 1680 644 1731 fuerit,
655 1684 767 1734 puta
782 1684 828 1721 te
848 1679 904 1721 ad
921 1692 1028 1734 vesp
1036 1692 1162 1721 erum
1178 1693 1266 1721 non
1280 1693 1305 1734 p
1313 1693 1379 1721 er-

53 1753 306 1790 venturum.
365 1751 573 1805 Vespere
600 1756 754 1792 autem
777 1749 902 1791 facto
929 1763 1063 1791 mane
1089 1762 1181 1791 non
1206 1750 1378 1791 audeas

54 1819 138 1859 tibi
154 1818 378 1873 polliceri.
440 1820 631 1874 Semper
656 1832 767 1874 ergo
792 1824 980 1874 paratus
1007 1825 1105 1862 esto
1118 1851 1129 1871 ,
1158 1825 1203 1862 et
1224 1819 1380 1861 taliter

54 1889 172 1939 vive,
190 1893 241 1929 ut
256 1902 485 1944 nunquam
501 1895 548 1932 te
564 1891 839 1944 imparatum
856 1903 979 1931 mors
997 1890 1212 1945 inveniat.
1243 1890 1380 1932 Multi

58 1958 209 2000 subito
245 1964 291 2001 et
319 1960 567 2014 improvise
599 1961 869 2002 moriuntur.
930 1961 1046 2003 Nam
1079 1960 1109 2001 h
1121 1973 1218 2002 ora
1228 1991 1240 2012 ‚
1276 1974 1341 2015 qu
1354 1972 1380 1999 a

58 2042 83 2067 n
99 2042 164 2069 on
195 2034 450 2083 putatur,
493 2029 658 2071 filius
690 2027 932 2073 hominis
971 2037 1240 2073 venturus
1275 2036 1373 2072 est.

60 2099 251 2148 Quando
270 2098 351 2139 illa
370 2105 575 2141 extrema
591 2098 707 2141 hora
716 2102 906 2152 venerit,
916 2102 1105 2141 multum
1126 2101 1259 2142 aliter
1276 2113 1374 2141 sen-

145 2269 176 2299 3.
201 2264 329 2299 Matth.
346 2270 402 2307 24,
418 2271 474 2301 44.
