1530 2517
141 85 193 127 32
541 84 625 120 DE
656 83 1061 122 IMITATIONE

579 298 840 344 CAPUT
905 299 1036 344 XX.

401 413 473 455 De
506 425 657 453 arnore
687 411 934 453 solitudinis
968 420 1012 453 et
1044 413 1217 455 silentii.

233 551 269 589 1.
306 531 502 602 Quaere
522 552 677 601 aptum
693 552 872 600 tempus
892 547 1083 588 vacandi
1099 549 1183 588 tibi
1203 553 1248 589 et
1265 547 1321 588 de
1338 548 1474 588 benc·
1526 597 1530 606 1

147 622 262 663 ficiis
280 622 370 662 Dei
385 620 651 674 frequenter
668 620 836 674 cogita.
891 620 1115 675 Relinque
1135 623 1330 662 curiosa.
1386 622 1475 660 Ta—

146 692 214 732 les
247 692 436 746 perlege
467 691 708 741 materias,
751 703 867 744 quae
902 692 1298 744 compunctionem
1330 692 1475 744 magis
1528 682 1530 689 ¹

147 766 400 816 praestant,
428 773 564 815 quam
592 761 954 813 occupationem.
1017 761 1067 803 Si
1083 767 1129 803 te
1148 762 1431 802 subtraxeris
1451 773 1476 800 a

149 830 390 885 superfluis
416 832 725 872 locutionibus
754 834 800 871 et
826 831 988 870 otiosis
1024 825 1367 871 circuitionibus
1392 843 1478 871 nec

147 915 239 942 non
266 901 589 942 anovitatibus
618 904 664 941 et
685 900 947 940 rumoribus
976 900 1238 951 audiendis,
1271 901 1476 942 invenies
1500 922 1504 932 .

147 977 327 1025 tempus
345 971 574 1012 sufficiens
602 975 648 1011 et
665 975 818 1024 aptum
835 983 917 1023 pro
943 971 1075 1011 bonis
1101 971 1476 1012 meditationibus

147 1041 428 1082 insistendi&
488 1041 681 1082 Maximi
707 1039 979 1081 Sanctorum
1004 1039 1201 1080 humana
1228 1042 1475 1091 consortia,

147 1112 226 1152 ubi
256 1115 494 1164 poterant,
527 1110 755 1159 vitabant,
792 1113 837 1150 et
866 1110 968 1150 Deo
1002 1112 1047 1150 in
1082 1116 1262 1151 secreto
1304 1112 1476 1152 servire

149 1183 394 1236 eligebant.

230 1254 270 1291 2.
301 1251 433 1292 Dixit
478 1251 683 1305 quidam:
734 1250 977 1300 Quoties
1023 1252 1177 1291 inter
1223 1249 1477 1292 homines

148 1321 255 1372 fui,
296 1322 478 1362 minor
517 1319 679 1362 homo
720 1320 886 1362 redii.
946 1321 1052 1361 Hoc
1084 1321 1267 1374 saepius
1302 1323 1476 1374 experi-

136 1404 260 1442 mur,
276 1390 457 1445 quando
470 1390 548 1431 diu
561 1391 923 1432 confabulamur.
983 1390 1184 1431 Facilius
1205 1395 1276 1431 est
1293 1393 1475 1432 omnino

147 1467 318 1512 tacere,
339 1473 475 1515 quam
493 1462 631 1502 verbo
650 1474 741 1502 non
761 1461 999 1502 excedere.
1048 1461 1247 1501 Facilius
1268 1466 1337 1502 est
1355 1462 1475 1502 domi

146 1531 309 1581 latere,
345 1543 482 1585 quam
511 1530 627 1572 foris
660 1544 710 1572 se
742 1544 881 1585 posse
915 1532 1195 1572 sufficienter
1228 1532 1475 1573 custodire.

149 1602 239 1651 Qui
267 1602 409 1656 igitur
438 1601 636 1642 intendit
667 1601 726 1641 ad
754 1602 978 1643 interiora
1011 1605 1057 1641 et
1088 1601 1346 1653 spiritualia
1377 1615 1477 1655 per-

147 1672 329 1721 venire,
375 1675 560 1724 oportet
593 1683 695 1711 eum
728 1684 829 1711 cum
858 1671 970 1712 Jesu
1002 1683 1029 1711 a
1059 1672 1191 1711 turba
1228 1671 1474 1713 declinare.

147 1741 293 1782 Nemo
313 1753 474 1782 secure
494 1746 707 1794 apparet,
727 1741 813 1781 nisi
832 1741 909 1795 qui
926 1741 1123 1782 libenter
1140 1741 1267 1782 latet.
1328 1742 1473 1784 Nemo

146 1823 307 1852 secure
333 1810 560 1864 loquitur,
593 1811 682 1851 nisi
709 1811 787 1864 qui
811 1811 1010 1852 libenter
1031 1816 1170 1852 tacet.
1231 1811 1378 1870 Nemo
1407 1825 1475 1852 se-

147 1893 253 1921 cure
279 1885 484 1934 praeest,
503 1881 592 1921 nisi
611 1882 687 1935 qui
703 1881 901 1922 libenter
917 1882 1088 1922 subest.
1149 1881 1294 1922 Nemo
1316 1895 1474 1923 secure

143 1951 384 2004 praecipit,
402 1951 492 1991 nisi
511 1952 584 2005 qui
603 1951 720 1992 bene
740 1951 927 1993 obedire
946 1952 1118 1993 didicit.

229 2020 268 2060 3.
300 2019 448 2077 Nemo
476 2033 636 2061 secure
662 2021 856 2075 gaudet,
883 2022 1144 2063 nisibenae
1164 2023 1472 2063 conscientiae

143 2090 190 2130 in
216 2103 265 2130 se
291 2092 604 2131 testimonium
629 2090 810 2133 habeat.
874 2092 1065 2145 Semper
1095 2096 1247 2132 tamen
1284 2091 1470 2134 Sancto-

231 2231 264 2261 2.
297 2227 489 2262 Sententia
507 2235 564 2263 est
581 2231 673 2273 apud
693 2230 869 2264 Senecam
887 2242 941 2274 ep.
959 2235 989 2265 7.
1006 2232 1068 2264 sed
1089 2231 1172 2266 aliis
1193 2233 1323 2265 verbis.
