1530 2517
275 112 537 152 CHRISTI
593 112 703 148 LIB.
733 112 802 148 111.
835 113 955 148 CAP.
988 114 1054 148 26.
1073 113 1138 149 27.
1290 111 1371 151 131

48 213 231 264 Mirum,
260 210 383 267 quod
401 223 492 251 non
512 221 569 251 ex
584 214 683 249 toto
701 207 843 250 fundo
864 209 1015 251 cordis
1033 213 1078 249 te
1097 210 1243 262 ipsum
1261 208 1369 249 mihi

51 282 296 325 committis
323 293 423 323 cum
449 280 680 330 omnibus,
708 291 825 334 quae
851 279 1117 321 desiderare
1142 284 1274 333 potes
1297 280 1368 320 vel

50 352 234 394 habere.

132 425 171 463 2.
207 422 360 473 Quare
377 433 494 463 vano
521 432 735 462 moerore
762 417 1073 461 consumeris?
1106 421 1198 461 Cur
1217 432 1372 474 super-

48 492 151 534 fluis
192 494 311 534 curis
343 490 583 547 fatigaris}
645 490 727 533 Sta
760 490 818 531 ad
841 490 1176 544 beneplacitum
1205 491 1397 541 meum‚'

50 569 96 605 et
119 563 291 604 nullum
315 564 505 617 patieris
530 562 864 603 detrimentum.
927 560 973 602 Si
994 562 1176 615 quaeris
1194 560 1283 603 hoc
1298 562 1372 602 vel

47 634 162 675 illud
188 638 233 675 et
248 633 449 675 volueris
478 645 579 674 esse
602 633 668 673 ibi
685 633 759 674 vel
775 633 861 682 ibi,
888 637 1077 686 propter
1100 637 1225 672 tuum
1251 645 1371 674 eom-

48 704 232 745 modum
252 708 298 745 et
312 704 546 758 proprium
561 702 898 756 beneplacitum
918 703 1065 756 magis
1089 701 1368 744 habendum:

47 787 277 829 nunquam
303 775 392 815 eris
409 775 455 814 in
474 774 738 828 quietudine
755 786 841 814 nec
857 773 977 814 liber
995 785 1022 813 a
1045 773 1369 824 sollicitudine,

49 845 154 899 quia
195 845 241 885 in
284 845 406 885 omni
437 857 488 885 re
518 844 777 897 reperietur
810 843 974 897 aliquis
1008 842 1214 884 defectus
1249 848 1294 884 et
1323 844 1370 883 in
1408 853 1413 858 ·

51 916 174 956 omni
189 915 294 956 loco
315 915 416 965 erit,
436 915 513 968 qui
530 914 813 960 adversetur.

131 987 171 1027 3.
202 987 338 1028 Juvat
361 984 504 1043 igitur
519 996 609 1024 non
631 984 865 1038 quaelibet
885 995 960 1024 res
985 983 1153 1037 adepta
1169 984 1244 1025 vel
1258 984 1371 1024 mul-

46 1056 257 1110 tiplicata
284 1055 509 1105 exterius,
537 1053 619 1095 sed
643 1055 797 1107 potius
827 1058 1057 1095 contemta
1082 1059 1128 1095 et
1144 1054 1299 1095 decisa
1319 1067 1375 1095 ex

52 1126 192 1168 corde
215 1126 452 1168 radicitus.
515 1124 651 1174 Quod
677 1137 769 1165 non
792 1129 967 1165 tantum
993 1125 1049 1166 de
1082 1137 1220 1166 censu
1253 1126 1372 1166 aeris

50 1201 96 1238 et
112 1196 373 1236 divitiarum
388 1194 636 1248 intelligas,
656 1194 741 1235 sed
759 1194 815 1235 de
834 1193 1023 1237 honoris
1043 1197 1181 1236 etiam
1199 1197 1371 1236 ambitu

48 1279 103 1308 ac
117 1278 264 1307 vanae
280 1265 561 1306 laudationis
580 1265 830 1316 desiderio,
843 1278 958 1319 quae
974 1267 1127 1306 omnia
1135 1270 1375 1307 transeunt

50 1349 152 1378 cum
175 1335 359 1376 mundo.
419 1334 569 1376 Munit
593 1346 752 1388 parum
779 1334 931 1386 locus,
966 1336 1006 1376 si
1024 1335 1155 1377 deest
1186 1336 1370 1389 spiritus

46 1406 268 1457 fervoris3
299 1418 385 1446 nec
410 1403 488 1445 diu
512 1403 652 1445 stabit
666 1416 757 1457 pax
773 1404 854 1447 illa
872 1406 1080 1459 quaesita
1096 1405 1367 1456 forinsecus,

47 1477 89 1517 si
106 1480 239 1516 vacat
256 1488 284 1516 a
298 1487 407 1516 vero
421 1473 717 1515 fundamento
737 1479 883 1516 status
902 1475 1068 1527 cordis,
1080 1475 1168 1517 hoc
1187 1481 1269 1526 est,
1281 1477 1369 1516 nisi

48 1547 232 1588 steteris
249 1546 296 1585 in
311 1557 407 1595 me3
439 1549 700 1597 permutare
718 1549 763 1585 te
781 1549 928 1598 potes,
949 1545 1032 1588 sed
1048 1558 1140 1586 non
1156 1546 1367 1587 meliora-

46 1628 114 1658 re.
172 1615 291 1657 Nam
316 1615 558 1656 occasione
586 1618 687 1654 orta
714 1620 760 1655 et
785 1620 975 1669 accepta
990 1616 1218 1667 invenies,
1246 1615 1366 1670 quod

46 1685 221 1740 fugisti,
242 1692 288 1727 et
305 1685 513 1740 amplius.
904 1672 908 1676 ⁵

191 1849 350 1893 Oratio
381 1865 464 1912 pro
490 1852 764 1911 purgatione
798 1852 941 1893 cordis
977 1859 1021 1893 et
1053 1853 1228 1897 coelesti

591 1921 823 1976 sapientia.

131 2033 172 2075 4.
206 2033 437 2076 Confirma
451 2046 549 2091 me,
574 2034 723 2084 Deus,
748 2047 831 2088 per
848 2037 1042 2089 gratiam
1061 2038 1207 2078 sancti
1225 2037 1362 2089 Spiri-

47 2108 135 2144 tus.
193 2104 270 2145 Da
285 2105 498 2145 virtutem
517 2104 809 2145 corroborari
827 2106 873 2145 in
891 2107 1101 2147 interiori
1119 2105 1302 2147 homine
1321 2112 1367 2146 et

50 2186 130 2214 cor
160 2186 310 2215 meum
343 2175 399 2215 ab
439 2174 563 2214 omni
591 2174 742 2214 inutili
772 2174 1081 2218 sollicitudine
1116 2182 1162 2217 et
1193 2188 1365 2230 angore·v

53 2255 295 2296 evacuare,
321 2257 406 2286 nec
422 2245 560 2285 variis
580 2243 821 2285 desideriis
838 2244 957 2285 trahi
976 2248 1280 2301 cujuscunque
1297 2247 1366 2287 rei

959 2315 975 2354 1
1002 2316 1024 2353 2
