1530 2517
127 107 181 146 40
526 107 610 144 DE
642 108 1043 146 IMITATIONE

127 208 198 245 est
221 204 280 245 ad
303 202 434 244 vitia!
467 202 623 244 Hodie
657 203 888 245 confiteris
919 210 1111 258 peccata
1141 209 1234 256 tua,
1270 210 1315 247 et
1347 218 1447 247 cras

123 275 290 315 iterum
314 277 552 327 perpetras
580 273 807 315 confessa.
866 274 998 316 Nunc
1022 276 1241 329 proponis
1269 288 1446 327 cavere,

125 349 170 384 et
186 347 292 397 post
307 342 468 384 horam
485 344 600 397 agis,
620 345 750 398 quasi
765 342 879 384 nihil
894 345 1229 398 proposuisses.
1276 346 1445 386 Merito

125 425 236 468 ergo
254 426 338 454 nos
356 414 482 467 ipsos
500 413 740 455 humiliare
757 426 1022 467 possumus,
1047 428 1128 457 nec
1148 427 1347 469 unquam
1365 414 1442 455 ali-

124 483 233 537 quid
256 484 411 537 magni
437 483 493 524 de
518 485 650 525 nobis
676 485 868 535 sentire,
897 485 974 539 qui
988 489 1084 525 tam
1107 485 1299 539 fragiles
1319 491 1365 526 et
1380 486 1444 524 in-

122 553 312 594 stabiles
337 566 506 601 sumus.
569 555 671 595 Cito
699 555 837 595 etiam
861 559 1016 608 potest
1039 555 1168 608 perdi
1196 567 1277 608 per
1302 555 1440 608 negli-

120 623 346 677 gentiam,
373 624 496 678 quod
519 624 662 665 multo
687 624 847 666 labore
873 625 947 665 vix
970 625 1155 666 tandem
1174 626 1444 679 acquisitum

122 699 193 734 est
208 706 291 747 per
307 694 518 748 gratiam.

204 779 245 818 7.
280 777 400 827 Quid
417 778 497 819 fiet
514 777 569 819 de
587 779 719 819 nobis
739 778 887 821 adhuc
900 780 948 820 in
958 779 1062 830 fine,
1076 779 1152 833 qui
1168 779 1443 832 tepescimus

119 852 215 888 tam
239 846 399 889 manessl
433 848 530 890 Vae
556 849 712 900 nobis,
746 850 786 890 si
811 851 878 891 sic
900 849 1108 890 volumus
1135 849 1367 889 declinare
1386 848 1445 888 ad
1493 883 1496 893 ς

120 919 343 972 quietem,
362 919 493 973 quasi
506 919 599 972 jam
617 929 707 972 pax
723 920 784 960 sit
801 924 847 960 et
863 919 1084 960 securitas
1095 947 1107 968 ,
1135 930 1236 959 cum
1251 917 1445 958 necdum

122 993 344 1042 appareat
366 989 609 1042 vestigium
627 1001 764 1030 verae
789 989 1045 1030 sanctitatis
1062 988 1109 1028 in
1135 988 1442 1029 conversatio—

120 1072 176 1100 ne
193 1063 365 1099 nostra.
424 1059 552 1099 Bene
573 1071 685 1112 opus
704 1063 847 1109 esset,
875 1059 998 1113 quod
1023 1056 1171 1099 adhuc
1195 1058 1362 1098 iterum
1378 1058 1443 1097 in-

119 1134 415 1179 strueremur,
433 1134 650 1183 tanquam
665 1129 776 1170 boni
793 1130 968 1180 novitii,
984 1129 1041 1169 ad
1057 1139 1210 1169 mores
1230 1129 1442 1181 optimos,

119 1200 159 1239 si
185 1198 306 1240 forte
333 1211 437 1252 spes
465 1204 588 1240 esset
612 1199 669 1240 de
695 1199 849 1254 aliqua
873 1199 1029 1241 futura
1054 1198 1375 1240 emendatione
1403 1202 1448 1238 et

120 1270 286 1323 maj01·i
303 1270 530 1323 spirituali
546 1269 772 1323 profectu.

638 1498 947 1521 *⁴090*—

517 1721 663 1768 CAP
676 1720 779 1766 UT
842 1721 1059 1766 XXIII.

483 1833 552 1875 De
592 1834 874 1875 meditatione
917 1835 1087 1876 mortis.

208 1977 248 2017 1.
280 1956 431 2015 Valde
465 1973 555 2014 cito
585 1972 671 2012 erit
695 1977 842 2012 tecum
872 1969 944 2012 hic
961 1972 1157 2022 factum3
1183 1973 1286 2013 vide
1313 1973 1449 2013 aliter

127 2048 357 2104 quomodo
390 2051 437 2088 te
470 2045 662 2087 habeas:
696 2042 834 2085 hodie
867 2042 1003 2084 homo
1033 2049 1124 2095 est,
1159 2049 1205 2086 et
1229 2057 1329 2086 cras
1355 2058 1444 2085 non

127 2122 375 2176 comparet.
438 2118 547 2158 Cum
590 2120 740 2156 autem
780 2114 983 2155 sublatus
1022 2113 1164 2156 fuerit
1195 2116 1250 2156 ab
1285 2115 1444 2165 oculis,

215 2258 243 2288 1.
268 2253 493 2287 E‹1.Va1art.
519 2253 624 2288 vide
650 2264 756 2295 ergo
781 2252 989 2297 qualiter
1013 2258 1057 2287 te
1083 2253 1260 2288 habeas.
