1530 2517
253 113 519 150 CHRISTI
576 115 684 151 Lm.
714 115 784 151 111.
819 116 939 152 CAP.
975 117 1040 151 15.
1060 117 1125 153 16.
1275 117 1357 157 109

33 209 183 250 carius
207 207 374 262 placet.
436 209 538 249 Tua
554 208 765 250 voluntas
783 222 887 250 mea
903 210 983 261 sit,
1011 214 1057 251 et
1080 223 1183 251 mea
1199 211 1357 252 volun·

30 283 100 319 tas
132 282 258 318 tuam
291 290 472 332 semper
503 282 723 333 sequatur
754 283 800 320 et
825 280 994 333 optime
1022 281 1066 322 ei
1092 281 1354 322 concordet.

31 346 100 389 Sit
114 346 226 388 mihi
242 359 380 388 unum
396 347 515 390 velle
543 353 588 389 et
610 348 735 390 nolle
756 352 931 400 tecum,
957 362 1042 391 nec
1068 350 1193 390 aliud
1217 363 1356 404 posse

32 416 148 457 velle
167 422 246 457 aut
261 416 400 467 nolle,
420 418 508 458 nisi
526 418 648 471 quod
665 422 714 459 tu
729 419 797 460 vis
817 423 863 459 et
877 419 1011 460 nolis.

113 487 153 526 4.
186 487 260 528 Da
275 484 387 527 mihi
405 488 613 528 omnibus
630 489 763 539 mori,
784 489 965 543 quaein
981 489 1149 530 mundo
1170 494 1287 540 sunt,
1314 494 1360 530 et

31 560 220 610 propter
242 560 289 597 te
316 567 471 598 amare
491 559 721 599 contemni
740 562 786 599 et
800 559 969 600 nesciri
983 559 1029 598 in
1047 557 1136 600 hoc
1152 559 1354 599 saeculo.

29 626 103 666 Da
112 623 224 666 mihi
235 627 423 680 insuper
433 630 585 669 omnia
596 628 860 671 desiderata
875 630 922 670 in
937 634 984 671 te
1000 630 1293 684 requiescere
1312 633 1358 670 et

32 708 113 736 cor
137 708 288 737 meum
310 698 357 738 in
373 701 420 738 te
438 699 698 751 pacificare.
760 700 833 740 Tu
856 712 968 742 vera
991 711 1082 753 pax
1107 699 1281 750 cordis,
1307 704 1358 740 tu

31 765 135 806 sola
157 767 363 821 requies:
399 773 531 808 extra
555 773 601 809 te
621 768 735 809 dura
760 774 866 810 sunt
891 770 1044 810 omnia
1070 774 1115 811 et
1135 771 1355 823 inquieta.

30 835 88 876 In
134 833 220 876 hac
264 849 403 891 pace
449 837 504 878 in
549 837 606 879 id
644 839 847 892 ipsum,
888 837 978 880 hoc
1010 839 1155 880 estin
1186 844 1232 880 te
1266 851 1356 880 uno

32 917 207 947 summo
229 911 417 948 aeterno
435 907 583 959 bono,
611 907 882 950 dormiam
908 913 962 949 et
982 909 1355 964 requiescam.

30 975 185 1018 Amen.

457 1351 726 1399 CAPUT
792 1353 949 1397 XVI.

214 1464 348 1517 Quod
375 1478 523 1506 verum
555 1465 760 1507 solatium
791 1466 838 1508 in
868 1468 958 1509 solo
992 1465 1088 1509 Deo
1122 1473 1184 1508 est

540 1537 850 1590 quaerendam.

113 1685 153 1725 1.
188 1664 434 1737 Quidquid
460 1681 727 1725 desiderare
754 1697 942 1738 possum
964 1685 1040 1726 vel
1066 1684 1272 1738 cogitare
1300 1681 1358 1722 ad

30 1755 249 1797 solatium
264 1770 437 1809 meum,
463 1771 555 1799 non
579 1756 654 1799 hic
679 1766 919 1814 exspecto,
946 1758 1028 1800 sed
1043 1759 1091 1799 in
1107 1764 1353 1812 posterum.

33 1825 168 1875 Quod
186 1827 226 1867 si
245 1828 398 1868 omnia
413 1828 584 1869 solatia
599 1828 756 1869 mundi
772 1830 898 1871 solus
915 1828 1133 1870 haberem
1153 1834 1200 1869 et
1217 1828 1357 1868 omni-

31 1895 116 1936 bus
135 1896 312 1938 deliciis
333 1896 425 1937 frui
443 1910 641 1951 possem,
662 1903 834 1940 certum
853 1903 936 1950 est,
957 1897 1079 1953 quod
1097 1897 1175 1937 diu
1193 1896 1358 1938 durare

31 1978 123 2006 non
147 1970 351 2019 possent.
413 1966 541 2008 Unde
567 1980 658 2008 non
681 1969 879 2022 poteriis,
908 1968 1060 2008 anima
1074 1979 1198 2017 mea,
1223 1966 1358 2020 plene

35 2036 267 2077 consolari
284 2050 369 2078 nec
385 2036 590 2090 perfecte
606 2038 832 2088 recreari,
859 2038 948 2078 nisi
963 2039 1010 2077 in
1026 2037 1357 2089 Deo‚consola-

35 2110 134 2147 tore
159 2119 410 2160 pauperum
446 2120 500 2149 ac
525 2113 792 2161 susceptore
817 2105 1069 2148 humilium.
1128 2108 1359 2159 Exspecta

128 2245 161 2276 4.
189 2241 368 2283 Psalm.4,
387 2246 419 2278 9-
