1530 2517
129 132 182 172 28
529 133 613 169 DE
652 134 1059 171 ΙΜΙΤΑΤΙΟΝΕ

214 229 252 269 4.
284 228 457 270 Mundo
479 235 609 269 erant
633 230 791 281 alieni,
818 230 901 270 sed
916 230 1018 271 Deo
1045 232 1242 284 proximi
1260 244 1314 272 ae
1330 231 1460 272 fami-

129 299 270 339 liares
298 299 445 340 amici.
508 298 606 341 Sibi
635 300 748 354 ipsis
783 299 1053 341 videbantur
1083 307 1299 355 tanquam
1331 301 1462 344 nihili

134 375 179 409 et
196 367 301 409 huic
317 369 486 409 mundo
507 369 735 423 despecti3
763 370 847 411 sed
872 371 1063 411 erant-in
1091 371 1235 411 oeulis
1252 371 1344 411 Dei
1360 384 1460 424 pre-

130 439 240 478 tiosi
265 443 310 479 et
336 438 506 479 dilecti.
564 440 616 481 In
639 452 749 481 vera
773 438 1029 482 humilitate
1053 441 1260 491 stabant,
1285 442 1331 480 in
1357 443 1460 481 sim-

130 508 242 560 plici
261 508 525 549 ohedientia
541 510 768 560 vivebant,
786 510 834 549 in
853 511 1047 551 caritate
1068 516 1113 552 et
1128 511 1352 564 patientia
1370 524 1461 550 ain-

129 577 370 618 bulabant:
401 584 447 619 et
467 579 573 619 ideo
602 578 806 633 quotidie
831 579 878 618 in
903 579 1065 632 spifitu
1088 580 1392 634 proficiebant
1418 588 1462 622 et

130 659 344 701 magnam
363 648 484 701 apud
500 649 649 690 Deum
668 649 865 702 gratiam
892 649 1172 690 obtinebant.
1231 651 1342 691 Dati
1359 659 1464 692 sunt

130 717 177 755 in
206 718 464 770 exemplum
491 719 699 759 omnibus
722 718 982 773 religiosis,
1011 724 1057 759 et
1078 720 1181 773 plus
1205 733 1461 774 provocare

130 799 215 827 nos
244 787 412 829 debent
437 789 495 829 ad
518 790 634 830 bene
658 788 1014 842 proficiendum,
1043 802 1177 843 quam
1201 790 1462 844 tepidorum

130 869 346 898 numerus
366 858 424 898 ad
437 858 756 900 relaxandum.

215 927 255 967 5.
291 927 327 967 O
371 928 566 982 quantus
605 929 763 971 fervor
803 931 1005 970 omnium
1049 930 1378 984 religiosorum
1416 932 1461 972 in
1503 925 1506 934 ³

130 997 354 1051 principio
382 1011 494 1040 suae
519 1006 708 1040 sanctae
741 1000 1042 1040 institutionis
1075 999 1184 1041 fuit!
1220 1002 1257 1042 O
1292 1007 1463 1056 quanta

133 1065 317 1107 devotio
347 1068 591 1110 orationis!
627 1075 796 1124 quanta
823 1070 1070 1111 aemulatio
1089 1071 1292 1113 virtutis!
1327 1085 1460 1127 quam

130 1148 299 1190 magna
325 1137 568 1192 disciplina
591 1138 757 1194 viguit!
792 1145 962 1194 quanta
986 1143 1249 1183 reverentia.
1275 1147 1320 1183 et
1354 1144 1460 1184 obe-

131 1205 306 1246 dientia
343 1208 427 1249 sub
466 1209 632 1263 regula
667 1211 880 1264 *magistri
913 1212 960 1251 in
994 1212 1204 1252 omnibus
1239 1211 1458 1253 effloruit!

131 1276 381 1318 Testantur
412 1277 561 1320 adhuc
592 1281 791 1333 vestigia
823 1280 1060 1332 derelicta,
1096 1281 1219 1335 quod
1242 1295 1350 1322 vere
1376 1284 1458 1322 vii-i

129 1347 276 1391 sancti
294 1352 340 1387 et
354 1347 551 1401 perfecti
567 1349 774 1401 fuerunt,
803 1351 880 1404 qui
896 1356 991 1390 tam
1008 1357 1192 1392 strenue
1209 1352 1458 1393 militantes

127 1415 343 1456 mundum
367 1418 788 1471 suppeditaverunt.
847 1421 951 1462 Jam
974 1434 1167 1475 magnus
1187 1429 1391 1475 putatur,
1420 1426 1458 1463 si

130 1485 230 1538 quis
255 1490 574 1540 transgressor
598 1501 690 1530 non
715 1488 877 1542 fuerit,
904 1492 945 1532 si
962 1492 1087 1546 quis,
1115 1492 1237 1546 quod
1264 1495 1455 1546 aceepit,

130 1567 230 1595 cum
247 1557 472 1607 patientia
487 1558 691 1600 tolerare
708 1560 928 1613 potuerit.

211 1625 250 1664 6.
282 1624 371 1665 Ah!
390 1628 565 1680 teporis
585 1634 632 1669 et
647 1629 962 1683 negligentiae
979 1636 1125 1671 status
1143 1633 1311 1682 nostri,
1332 1633 1455 1686 quod

125 1700 219 1733 tam
239 1696 328 1735 cito
358 1695 639 1738 declinamus
666 1711 693 1738 a
710 1700 902 1752 pristino
922 1702 1106 1741 fervore
1127 1708 1172 1741 et
1183 1702 1280 1755 jam
1296 1703 1455 1744 taedet

130 1765 279 1805 vivere
296 1777 408 1818 prae
426 1766 696 1809 lassitudine
716 1774 761 1809 et
777 1769 960 1822 tepore!
988 1770 1170 1810 Utinam
1195 1773 1240 1811 in
1257 1780 1303 1812 te
1327 1773 1451 1826 peni-

128 1840 198 1873 tus
217 1848 307 1875 non
334 1836 550 1878 dormitet
574 1838 810 1891 profectus
826 1841 1064 1892 virtutum,
1092 1842 1169 1895 qui
1193 1841 1335 1881 multa
1353 1854 1451 1883 sae-

128 1907 227 1959 pius
247 1908 455 1960 exempla
473 1907 628 1949 vidisti
647 1909 938 1950 devotorum!
