<?xml version="1.0" encoding="UTF-8"?>
<!DOCTYPE html PUBLIC "-//W3C//DTD XHTML 1.0 Transitional//EN"
    "http://www.w3.org/TR/xhtml1/DTD/xhtml1-transitional.dtd">
<html xmlns="http://www.w3.org/1999/xhtml" xml:lang="en" lang="en">
 <head>
  <title>
</title>
<meta http-equiv="Content-Type" content="text/html;charset=utf-8" />
  <meta name='ocr-system' content='tesseract 3.04.00' />
  <meta name='ocr-capabilities' content='ocr_page ocr_carea ocr_par ocr_line ocrx_word'/>
</head>
<body>
  <div class='ocr_page' id='page_1' title='image "./thomaekempisde00thom_0130.png"; bbox 0 0 1530 2517; ppageno 0'>
   <div class='ocr_carea' id='block_1_1' title="bbox 181 122 1093 162">
    <p class='ocr_par' dir='ltr' id='par_1_1' title="bbox 181 122 1093 162">
     <span class='ocr_line' id='line_1_1' title="bbox 181 122 1093 162; baseline -0.001 0"><span class='ocrx_word' id='word_1_1' title='bbox 181 122 262 162; x_wconf 74' lang='lat'><strong>114</strong></span> <span class='ocrx_word' id='word_1_2' title='bbox 592 124 673 160; x_wconf 85' lang='lat' dir='ltr'><strong>DE</strong></span> <span class='ocrx_word' id='word_1_3' title='bbox 708 124 1093 161; x_wconf 80' lang='lat' dir='ltr'><strong>IMITATIONE</strong></span> 
     </span>
    </p>
   </div>
   <div class='ocr_carea' id='block_1_2' title="bbox 171 219 1529 1533">
    <p class='ocr_par' dir='ltr' id='par_1_2' title="bbox 172 219 1495 830">
     <span class='ocr_line' id='line_1_2' title="bbox 176 219 1493 275; baseline -0.002 -14"><span class='ocrx_word' id='word_1_4' title='bbox 176 219 429 261; x_wconf 86' lang='lat' dir='ltr'><strong>Nondum</strong></span> <span class='ocrx_word' id='word_1_5' title='bbox 481 232 658 274; x_wconf 91' lang='lat' dir='ltr'><strong>usque</strong></span> <span class='ocrx_word' id='word_1_6' title='bbox 715 220 782 260; x_wconf 86' lang='lat' dir='ltr'><strong>ad</strong></span> <span class='ocrx_word' id='word_1_7' title='bbox 828 221 1155 275; x_wconf 82' lang='lat' dir='ltr'><strong>sanguinem</strong></span> <span class='ocrx_word' id='word_1_8' title='bbox 1202 220 1493 261; x_wconf 78' lang='lat' dir='ltr'><strong>restitisti.</strong></span> 
     </span>
     <span class='ocr_line' id='line_1_3' title="bbox 177 289 1495 345; baseline 0 -16"><span class='ocrx_word' id='word_1_9' title='bbox 177 289 346 329; x_wconf 82' lang='lat' dir='ltr'><strong>Parum</strong></span> <span class='ocrx_word' id='word_1_10' title='bbox 364 293 446 340; x_wconf 86' lang='lat' dir='ltr'><strong>est,</strong></span> <span class='ocrx_word' id='word_1_11' title='bbox 467 290 589 343; x_wconf 85' lang='lat' dir='ltr'><strong>quod</strong></span> <span class='ocrx_word' id='word_1_12' title='bbox 605 294 653 331; x_wconf 93' lang='lat' dir='ltr'><strong>tu</strong></span> <span class='ocrx_word' id='word_1_13' title='bbox 668 291 856 344; x_wconf 82' lang='lat' dir='ltr'><strong>pateris,</strong></span> <span class='ocrx_word' id='word_1_14' title='bbox 880 291 927 330; x_wconf 90' lang='lat' dir='ltr'><strong>in</strong></span> <span class='ocrx_word' id='word_1_15' title='bbox 953 291 1296 345; x_wconf 87' lang='lat' dir='ltr'><strong>comparatione</strong></span> <span class='ocrx_word' id='word_1_16' title='bbox 1323 302 1495 339; x_wconf 88' lang='lat' dir='ltr'><strong>eorum,</strong></span> 
     </span>
     <span class='ocr_line' id='line_1_4' title="bbox 177 359 1492 413; baseline 0 -15"><span class='ocrx_word' id='word_1_17' title='bbox 177 360 253 413; x_wconf 86' lang='lat' dir='ltr'><strong>qui</strong></span> <span class='ocrx_word' id='word_1_18' title='bbox 277 363 372 400; x_wconf 89' lang='lat' dir='ltr'><strong>tam</strong></span> <span class='ocrx_word' id='word_1_19' title='bbox 395 359 539 400; x_wconf 88' lang='lat' dir='ltr'><strong>multa</strong></span> <span class='ocrx_word' id='word_1_20' title='bbox 563 360 687 412; x_wconf 85' lang='lat' dir='ltr'><strong>passi</strong></span> <span class='ocrx_word' id='word_1_21' title='bbox 712 365 836 410; x_wconf 89' lang='lat' dir='ltr'><strong>sunt,</strong></span> <span class='ocrx_word' id='word_1_22' title='bbox 863 364 954 401; x_wconf 89' lang='lat' dir='ltr'><strong>tam</strong></span> <span class='ocrx_word' id='word_1_23' title='bbox 980 359 1165 403; x_wconf 79' lang='lat' dir='ltr'><strong>fortiter</strong></span> <span class='ocrx_word' id='word_1_24' title='bbox 1189 359 1377 410; x_wconf 63' lang='lat' dir='ltr'><strong>tentati,</strong></span> <span class='ocrx_word' id='word_1_25' title='bbox 1399 363 1492 399; x_wconf 88' lang='lat' dir='ltr'><strong>tam</strong></span> 
     </span>
     <span class='ocr_line' id='line_1_5' title="bbox 175 429 1492 483; baseline 0.001 -15"><span class='ocrx_word' id='word_1_26' title='bbox 175 430 379 482; x_wconf 81' lang='lat' dir='ltr'><strong>graviter</strong></span> <span class='ocrx_word' id='word_1_27' title='bbox 395 429 622 479; x_wconf 86' lang='lat' dir='ltr'><strong>tribulati,</strong></span> <span class='ocrx_word' id='word_1_28' title='bbox 647 433 740 470; x_wconf 85' lang='lat' dir='ltr'><strong>tam</strong></span> <span class='ocrx_word' id='word_1_29' title='bbox 764 429 1078 483; x_wconf 86' lang='lat' dir='ltr'><strong>multipliciter</strong></span> <span class='ocrx_word' id='word_1_30' title='bbox 1093 429 1282 483; x_wconf 62' lang='lat' dir='ltr'><strong>probati&gt;</strong></span> <span class='ocrx_word' id='word_1_31' title='bbox 1302 433 1348 470; x_wconf 87' lang='lat' dir='ltr'><strong>et</strong></span> <span class='ocrx_word' id='word_1_32' title='bbox 1366 441 1492 475; x_wconf 78' lang='lat' dir='ltr'><strong>exer-</strong></span> 
     </span>
     <span class='ocr_line' id='line_1_6' title="bbox 175 498 1493 553; baseline 0.002 -17"><span class='ocrx_word' id='word_1_33' title='bbox 175 498 316 537; x_wconf 88' lang='lat' dir='ltr'><strong>citati.</strong></span> <span class='ocrx_word' id='word_1_34' title='bbox 355 498 549 551; x_wconf 81' lang='lat' dir='ltr'><strong>Oportet</strong></span> <span class='ocrx_word' id='word_1_35' title='bbox 563 503 609 540; x_wconf 90' lang='lat' dir='ltr'><strong>te</strong></span> <span class='ocrx_word' id='word_1_36' title='bbox 625 499 766 553; x_wconf 78' lang='lat' dir='ltr'><strong>igitur</strong></span> <span class='ocrx_word' id='word_1_37' title='bbox 784 499 977 540; x_wconf 87' lang='lat' dir='ltr'><strong>aliorum</strong></span> <span class='ocrx_word' id='word_1_38' title='bbox 995 500 1210 552; x_wconf 83' lang='lat' dir='ltr'><strong>graviora</strong></span> <span class='ocrx_word' id='word_1_39' title='bbox 1229 499 1287 541; x_wconf 84' lang='lat' dir='ltr'><strong>ad</strong></span> <span class='ocrx_word' id='word_1_40' title='bbox 1297 502 1493 546; x_wconf 87' lang='lat' dir='ltr'><strong>mentem</strong></span> 
     </span>
     <span class='ocr_line' id='line_1_7' title="bbox 172 567 1490 618; baseline 0.005 -11"><span class='ocrx_word' id='word_1_41' title='bbox 172 567 419 618; x_wconf 87' lang='lat' dir='ltr'><strong>reducere,</strong></span> <span class='ocrx_word' id='word_1_42' title='bbox 445 573 496 607; x_wconf 86' lang='lat' dir='ltr'><strong>ut</strong></span> <span class='ocrx_word' id='word_1_43' title='bbox 512 568 656 609; x_wconf 89' lang='lat' dir='ltr'><strong>levius</strong></span> <span class='ocrx_word' id='word_1_44' title='bbox 673 567 797 609; x_wconf 85' lang='lat' dir='ltr'><strong>feras</strong></span> <span class='ocrx_word' id='word_1_45' title='bbox 814 573 894 608; x_wconf 87' lang='lat' dir='ltr'><strong>tua</strong></span> <span class='ocrx_word' id='word_1_46' title='bbox 918 569 1118 609; x_wconf 89' lang='lat' dir='ltr'><strong>minima.</strong></span> <span class='ocrx_word' id='word_1_47' title='bbox 1179 569 1238 610; x_wconf 88' lang='lat' dir='ltr'><strong>Et</strong></span> <span class='ocrx_word' id='word_1_48' title='bbox 1253 569 1292 609; x_wconf 87' lang='lat' dir='ltr'><strong>si</strong></span> <span class='ocrx_word' id='word_1_49' title='bbox 1309 568 1397 609; x_wconf 89' lang='lat' dir='ltr'><strong>tibi</strong></span> <span class='ocrx_word' id='word_1_50' title='bbox 1410 568 1490 613; x_wconf 78' lang='lat' dir='ltr'><strong>mi.-</strong></span> 
     </span>
     <span class='ocr_line' id='line_1_8' title="bbox 172 637 1489 690; baseline 0.001 -15"><span class='ocrx_word' id='word_1_51' title='bbox 172 637 296 676; x_wconf 89' lang='lat' dir='ltr'><strong>nima</strong></span> <span class='ocrx_word' id='word_1_52' title='bbox 319 649 411 677; x_wconf 91' lang='lat' dir='ltr'><strong>non</strong></span> <span class='ocrx_word' id='word_1_53' title='bbox 426 637 656 688; x_wconf 83' lang='lat' dir='ltr'><strong>videntur,</strong></span> <span class='ocrx_word' id='word_1_54' title='bbox 683 637 809 688; x_wconf 85' lang='lat' dir='ltr'><strong>vide,</strong></span> <span class='ocrx_word' id='word_1_55' title='bbox 837 651 893 679; x_wconf 90' lang='lat' dir='ltr'><strong>ne</strong></span> <span class='ocrx_word' id='word_1_56' title='bbox 921 644 966 679; x_wconf 93' lang='lat' dir='ltr'><strong>et</strong></span> <span class='ocrx_word' id='word_1_57' title='bbox 989 637 1078 680; x_wconf 89' lang='lat' dir='ltr'><strong>hoc</strong></span> <span class='ocrx_word' id='word_1_58' title='bbox 1095 643 1176 679; x_wconf 88' lang='lat' dir='ltr'><strong>tua</strong></span> <span class='ocrx_word' id='word_1_59' title='bbox 1191 637 1334 678; x_wconf 87' lang='lat' dir='ltr'><strong>faciat</strong></span> <span class='ocrx_word' id='word_1_60' title='bbox 1349 638 1489 690; x_wconf 82' lang='lat' dir='ltr'><strong>impa-</strong></span> 
     </span>
     <span class='ocr_line' id='line_1_9' title="bbox 172 705 1490 763; baseline 0.001 -18"><span class='ocrx_word' id='word_1_61' title='bbox 172 706 348 747; x_wconf 89' lang='lat' dir='ltr'><strong>tientia.</strong></span> <span class='ocrx_word' id='word_1_62' title='bbox 410 705 514 748; x_wconf 83' lang='lat' dir='ltr'><strong>Sive</strong></span> <span class='ocrx_word' id='word_1_63' title='bbox 547 712 699 748; x_wconf 91' lang='lat' dir='ltr'><strong>tamen</strong></span> <span class='ocrx_word' id='word_1_64' title='bbox 723 720 865 760; x_wconf 87' lang='lat' dir='ltr'><strong>parva</strong></span> <span class='ocrx_word' id='word_1_65' title='bbox 896 708 993 750; x_wconf 89' lang='lat' dir='ltr'><strong>sive</strong></span> <span class='ocrx_word' id='word_1_66' title='bbox 1019 720 1189 763; x_wconf 82' lang='lat' dir='ltr'><strong>magna</strong></span> <span class='ocrx_word' id='word_1_67' title='bbox 1213 708 1324 759; x_wconf 86' lang='lat' dir='ltr'><strong>sint,</strong></span> <span class='ocrx_word' id='word_1_68' title='bbox 1359 707 1490 747; x_wconf 86' lang='lat' dir='ltr'><strong>stude</strong></span> 
     </span>
     <span class='ocr_line' id='line_1_10' title="bbox 174 775 801 830; baseline 0.003 -14"><span class='ocrx_word' id='word_1_69' title='bbox 174 780 335 817; x_wconf 87' lang='lat' dir='ltr'><strong>cuncta</strong></span> <span class='ocrx_word' id='word_1_70' title='bbox 350 777 578 830; x_wconf 72' lang='lat' dir='ltr'><strong>patienter</strong></span> <span class='ocrx_word' id='word_1_71' title='bbox 593 775 801 818; x_wconf 84' lang='lat' dir='ltr'><strong>sufferre.</strong></span> 
     </span>
    </p>

    <p class='ocr_par' dir='ltr' id='par_1_3' title="bbox 171 846 1529 1533">
     <span class='ocr_line' id='line_1_11' title="bbox 256 846 1502 904; baseline 0 -16"><span class='ocrx_word' id='word_1_72' title='bbox 256 849 297 889; x_wconf 88' lang='grc'><strong>2.</strong></span> <span class='ocrx_word' id='word_1_73' title='bbox 330 847 510 900; x_wconf 73' lang='lat' dir='ltr'><strong>Quanto</strong></span> <span class='ocrx_word' id='word_1_74' title='bbox 528 846 690 887; x_wconf 87' lang='lat' dir='ltr'><strong>melius</strong></span> <span class='ocrx_word' id='word_1_75' title='bbox 711 847 768 886; x_wconf 88' lang='lat' dir='ltr'><strong>ad</strong></span> <span class='ocrx_word' id='word_1_76' title='bbox 784 847 1048 900; x_wconf 87' lang='lat' dir='ltr'><strong>patiendum</strong></span> <span class='ocrx_word' id='word_1_77' title='bbox 1066 852 1111 889; x_wconf 94' lang='lat' dir='ltr'><strong>te</strong></span> <span class='ocrx_word' id='word_1_78' title='bbox 1131 848 1350 902; x_wconf 85' lang='lat' dir='ltr'><strong>disponis,</strong></span> <span class='ocrx_word' id='word_1_79' title='bbox 1360 852 1502 904; x_wconf 23' lang='lat' dir='ltr'><strong>tanto·</strong></span> 
     </span>
     <span class='ocr_line' id='line_1_12' title="bbox 174 905 1502 971; baseline 0.001 -15"><span class='ocrx_word' id='word_1_80' title='bbox 174 917 424 970; x_wconf 86' lang='lat' dir='ltr'><strong>sapientius</strong></span> <span class='ocrx_word' id='word_1_81' title='bbox 444 917 542 971; x_wconf 85' lang='lat' dir='ltr'><strong>agis</strong></span> <span class='ocrx_word' id='word_1_82' title='bbox 563 921 608 958; x_wconf 90' lang='lat' dir='ltr'><strong>et</strong></span> <span class='ocrx_word' id='word_1_83' title='bbox 624 916 816 970; x_wconf 83' lang='lat' dir='ltr'><strong>amplius</strong></span> <span class='ocrx_word' id='word_1_84' title='bbox 833 919 1135 970; x_wconf 82' lang='lat' dir='ltr'><strong>promereris3</strong></span> <span class='ocrx_word' id='word_1_85' title='bbox 1167 917 1290 959; x_wconf 86' lang='lat' dir='ltr'><strong>feres</strong></span> <span class='ocrx_word' id='word_1_86' title='bbox 1311 905 1502 971; x_wconf 26' lang='lat' dir='ltr'><strong>quoque*v</strong></span> 
     </span>
     <span class='ocr_line' id='line_1_13' title="bbox 172 986 1489 1042; baseline 0.001 -16"><span class='ocrx_word' id='word_1_87' title='bbox 172 987 341 1037; x_wconf 87' lang='lat' dir='ltr'><strong>levius,</strong></span> <span class='ocrx_word' id='word_1_88' title='bbox 377 988 527 1027; x_wconf 90' lang='lat' dir='ltr'><strong>animo</strong></span> <span class='ocrx_word' id='word_1_89' title='bbox 562 991 609 1028; x_wconf 89' lang='lat' dir='ltr'><strong>et</strong></span> <span class='ocrx_word' id='word_1_90' title='bbox 637 1000 724 1027; x_wconf 87' lang='lat' dir='ltr'><strong>usu</strong></span> <span class='ocrx_word' id='word_1_91' title='bbox 756 986 814 1027; x_wconf 89' lang='lat' dir='ltr'><strong>ad</strong></span> <span class='ocrx_word' id='word_1_92' title='bbox 838 986 926 1029; x_wconf 90' lang='lat' dir='ltr'><strong>hoc</strong></span> <span class='ocrx_word' id='word_1_93' title='bbox 951 1001 1041 1028; x_wconf 93' lang='lat' dir='ltr'><strong>non</strong></span> <span class='ocrx_word' id='word_1_94' title='bbox 1074 989 1279 1042; x_wconf 83' lang='lat' dir='ltr'><strong>segniter</strong></span> <span class='ocrx_word' id='word_1_95' title='bbox 1301 988 1489 1041; x_wconf 87' lang='lat' dir='ltr'><strong>paratis.</strong></span> 
     </span>
     <span class='ocr_line' id='line_1_14' title="bbox 172 1055 1494 1111; baseline -0.002 -12"><span class='ocrx_word' id='word_1_96' title='bbox 172 1056 270 1099; x_wconf 86' lang='lat' dir='ltr'><strong>Nec</strong></span> <span class='ocrx_word' id='word_1_97' title='bbox 296 1056 443 1099; x_wconf 86' lang='lat' dir='ltr'><strong>dicas:</strong></span> <span class='ocrx_word' id='word_1_98' title='bbox 477 1056 582 1100; x_wconf 93' lang='lat' dir='ltr'><strong>Non</strong></span> <span class='ocrx_word' id='word_1_99' title='bbox 604 1057 736 1098; x_wconf 85' lang='lat' dir='ltr'><strong>valeo</strong></span> <span class='ocrx_word' id='word_1_100' title='bbox 764 1055 879 1099; x_wconf 89' lang='lat' dir='ltr'><strong>haec</strong></span> <span class='ocrx_word' id='word_1_101' title='bbox 904 1058 959 1099; x_wconf 90' lang='lat' dir='ltr'><strong>ab</strong></span> <span class='ocrx_word' id='word_1_102' title='bbox 985 1057 1168 1100; x_wconf 88' lang='lat' dir='ltr'><strong>homine</strong></span> <span class='ocrx_word' id='word_1_103' title='bbox 1188 1058 1272 1098; x_wconf 84' lang='lat' dir='ltr'><strong>tali</strong></span> <span class='ocrx_word' id='word_1_104' title='bbox 1289 1058 1384 1111; x_wconf 86' lang='lat' dir='ltr'><strong>pati</strong></span> <span class='ocrx_word' id='word_1_105' title='bbox 1409 1070 1494 1097; x_wconf 91' lang='lat' dir='ltr'><strong>nec</strong></span> 
     </span>
     <span class='ocr_line' id='line_1_15' title="bbox 173 1125 1495 1182; baseline -0.001 -15"><span class='ocrx_word' id='word_1_106' title='bbox 173 1125 492 1180; x_wconf 88' lang='lat' dir='ltr'><strong>hujuscemodi</strong></span> <span class='ocrx_word' id='word_1_107' title='bbox 513 1127 626 1168; x_wconf 90' lang='lat' dir='ltr'><strong>mihi</strong></span> <span class='ocrx_word' id='word_1_108' title='bbox 640 1128 858 1181; x_wconf 85' lang='lat' dir='ltr'><strong>patienda</strong></span> <span class='ocrx_word' id='word_1_109' title='bbox 882 1133 1005 1168; x_wconf 88' lang='lat' dir='ltr'><strong>sunt:</strong></span> <span class='ocrx_word' id='word_1_110' title='bbox 1039 1140 1179 1182; x_wconf 86' lang='lat' dir='ltr'><strong>grave</strong></span> <span class='ocrx_word' id='word_1_111' title='bbox 1205 1129 1324 1168; x_wconf 89' lang='lat' dir='ltr'><strong>enim</strong></span> <span class='ocrx_word' id='word_1_112' title='bbox 1340 1128 1495 1167; x_wconf 84' lang='lat' dir='ltr'><strong>intulit</strong></span> 
     </span>
     <span class='ocr_line' id='line_1_16' title="bbox 174 1195 1529 1251; baseline -0.002 -12"><span class='ocrx_word' id='word_1_113' title='bbox 174 1195 386 1239; x_wconf 85' lang='lat' dir='ltr'><strong>damnum</strong></span> <span class='ocrx_word' id='word_1_114' title='bbox 405 1201 450 1237; x_wconf 92' lang='lat' dir='ltr'><strong>et</strong></span> <span class='ocrx_word' id='word_1_115' title='bbox 464 1197 749 1251; x_wconf 81' lang='lat' dir='ltr'><strong>improperat</strong></span> <span class='ocrx_word' id='word_1_116' title='bbox 762 1196 895 1248; x_wconf 90' lang='lat' dir='ltr'><strong>mihi,</strong></span> <span class='ocrx_word' id='word_1_117' title='bbox 924 1209 1040 1251; x_wconf 87' lang='lat' dir='ltr'><strong>quae</strong></span> <span class='ocrx_word' id='word_1_118' title='bbox 1065 1209 1300 1251; x_wconf 88' lang='lat' dir='ltr'><strong>nunquam</strong></span> <span class='ocrx_word' id='word_1_119' title='bbox 1321 1198 1492 1251; x_wconf 85' lang='lat' dir='ltr'><strong>cogita·</strong></span> <span class='ocrx_word' id='word_1_120' title='bbox 1528 1210 1529 1215; x_wconf 54' lang='lat'>¹</span> 
     </span>
     <span class='ocr_line' id='line_1_17' title="bbox 172 1266 1494 1320; baseline 0 -15"><span class='ocrx_word' id='word_1_121' title='bbox 172 1277 351 1316; x_wconf 84' lang='lat' dir='ltr'><strong>veram3</strong></span> <span class='ocrx_word' id='word_1_122' title='bbox 383 1266 466 1307; x_wconf 87' lang='lat' dir='ltr'><strong>sed</strong></span> <span class='ocrx_word' id='word_1_123' title='bbox 491 1268 546 1308; x_wconf 92' lang='lat' dir='ltr'><strong>ab</strong></span> <span class='ocrx_word' id='word_1_124' title='bbox 573 1268 664 1308; x_wconf 88' lang='lat' dir='ltr'><strong>alio</strong></span> <span class='ocrx_word' id='word_1_125' title='bbox 683 1268 882 1309; x_wconf 85' lang='lat' dir='ltr'><strong>libenter</strong></span> <span class='ocrx_word' id='word_1_126' title='bbox 896 1268 1048 1320; x_wconf 85' lang='lat' dir='ltr'><strong>patiar</strong></span> <span class='ocrx_word' id='word_1_127' title='bbox 1075 1271 1121 1308; x_wconf 92' lang='lat' dir='ltr'><strong>et</strong></span> <span class='ocrx_word' id='word_1_128' title='bbox 1144 1268 1262 1308; x_wconf 89' lang='lat' dir='ltr'><strong>sicut</strong></span> <span class='ocrx_word' id='word_1_129' title='bbox 1277 1266 1494 1320; x_wconf 87' lang='lat' dir='ltr'><strong>patienda</strong></span> 
     </span>
     <span class='ocr_line' id='line_1_18' title="bbox 172 1334 1494 1392; baseline 0.002 -19"><span class='ocrx_word' id='word_1_130' title='bbox 172 1334 348 1376; x_wconf 88' lang='lat' dir='ltr'><strong>videro.</strong></span> <span class='ocrx_word' id='word_1_131' title='bbox 406 1337 629 1392; x_wconf 89' lang='lat' dir='ltr'><strong>Insipiens</strong></span> <span class='ocrx_word' id='word_1_132' title='bbox 655 1341 725 1378; x_wconf 91' lang='lat' dir='ltr'><strong>est</strong></span> <span class='ocrx_word' id='word_1_133' title='bbox 741 1337 847 1378; x_wconf 88' lang='lat' dir='ltr'><strong>talis</strong></span> <span class='ocrx_word' id='word_1_134' title='bbox 875 1337 1118 1391; x_wconf 82' lang='lat' dir='ltr'><strong>cogitatio,</strong></span> <span class='ocrx_word' id='word_1_135' title='bbox 1147 1349 1263 1392; x_wconf 85' lang='lat' dir='ltr'><strong>quae</strong></span> <span class='ocrx_word' id='word_1_136' title='bbox 1281 1338 1494 1377; x_wconf 89' lang='lat' dir='ltr'><strong>virtutem</strong></span> 
     </span>
     <span class='ocr_line' id='line_1_19' title="bbox 171 1405 1489 1461; baseline 0.002 -18"><span class='ocrx_word' id='word_1_137' title='bbox 171 1405 423 1460; x_wconf 84' lang='lat' dir='ltr'><strong>patientiae</strong></span> <span class='ocrx_word' id='word_1_138' title='bbox 440 1419 532 1447; x_wconf 93' lang='lat' dir='ltr'><strong>non</strong></span> <span class='ocrx_word' id='word_1_139' title='bbox 550 1406 833 1458; x_wconf 83' lang='lat' dir='ltr'><strong>considerat,</strong></span> <span class='ocrx_word' id='word_1_140' title='bbox 851 1419 936 1448; x_wconf 92' lang='lat' dir='ltr'><strong>nec</strong></span> <span class='ocrx_word' id='word_1_141' title='bbox 955 1419 982 1447; x_wconf 85' lang='lat' dir='ltr'><strong>a</strong></span> <span class='ocrx_word' id='word_1_142' title='bbox 1000 1419 1087 1461; x_wconf 91' lang='lat' dir='ltr'><strong>quo</strong></span> <span class='ocrx_word' id='word_1_143' title='bbox 1108 1406 1371 1448; x_wconf 87' lang='lat' dir='ltr'><strong>coronanda</strong></span> <span class='ocrx_word' id='word_1_144' title='bbox 1391 1407 1489 1456; x_wconf 90' lang='lat' dir='ltr'><strong>erit,</strong></span> 
     </span>
     <span class='ocr_line' id='line_1_20' title="bbox 171 1475 1486 1533; baseline 0.001 -18"><span class='ocrx_word' id='word_1_145' title='bbox 171 1475 254 1516; x_wconf 82' lang='lat' dir='ltr'><strong>sed</strong></span> <span class='ocrx_word' id='word_1_146' title='bbox 270 1476 416 1530; x_wconf 84' lang='lat' dir='ltr'><strong>magis</strong></span> <span class='ocrx_word' id='word_1_147' title='bbox 433 1489 655 1533; x_wconf 79' lang='lat' dir='ltr'><strong>personas</strong></span> <span class='ocrx_word' id='word_1_148' title='bbox 675 1481 720 1518; x_wconf 90' lang='lat' dir='ltr'><strong>et</strong></span> <span class='ocrx_word' id='word_1_149' title='bbox 739 1476 938 1518; x_wconf 87' lang='lat' dir='ltr'><strong>offensas</strong></span> <span class='ocrx_word' id='word_1_150' title='bbox 957 1477 1045 1518; x_wconf 87' lang='lat' dir='ltr'><strong>sibi</strong></span> <span class='ocrx_word' id='word_1_151' title='bbox 1060 1476 1215 1517; x_wconf 89' lang='lat' dir='ltr'><strong>illatas</strong></span> <span class='ocrx_word' id='word_1_152' title='bbox 1234 1476 1486 1530; x_wconf 87' lang='lat' dir='ltr'><strong>perpendit.</strong></span> 
     </span>
    </p>
   </div>
   <div class='ocr_carea' id='block_1_3' title="bbox 165 1555 1489 2169">
    <p class='ocr_par' dir='ltr' id='par_1_4' title="bbox 165 1555 1489 2169">
     <span class='ocr_line' id='line_1_21' title="bbox 252 1555 1489 1615; baseline 0.003 -18"><span class='ocrx_word' id='word_1_153' title='bbox 252 1556 292 1597; x_wconf 84' lang='lat'><strong>3.</strong></span> <span class='ocrx_word' id='word_1_154' title='bbox 324 1555 429 1599; x_wconf 92' lang='lat' dir='ltr'><strong>Non</strong></span> <span class='ocrx_word' id='word_1_155' title='bbox 455 1562 525 1598; x_wconf 86' lang='lat' dir='ltr'><strong>est</strong></span> <span class='ocrx_word' id='word_1_156' title='bbox 539 1567 672 1600; x_wconf 80' lang='lat' dir='ltr'><strong>verus</strong></span> <span class='ocrx_word' id='word_1_157' title='bbox 689 1559 892 1615; x_wconf 87' lang='lat' dir='ltr'><strong>patiens,</strong></span> <span class='ocrx_word' id='word_1_158' title='bbox 920 1558 997 1612; x_wconf 90' lang='lat' dir='ltr'><strong>qui</strong></span> <span class='ocrx_word' id='word_1_159' title='bbox 1020 1558 1117 1611; x_wconf 90' lang='lat' dir='ltr'><strong>pati</strong></span> <span class='ocrx_word' id='word_1_160' title='bbox 1142 1571 1231 1599; x_wconf 92' lang='lat' dir='ltr'><strong>non</strong></span> <span class='ocrx_word' id='word_1_161' title='bbox 1256 1560 1373 1611; x_wconf 80' lang='lat' dir='ltr'><strong>vult,</strong></span> <span class='ocrx_word' id='word_1_162' title='bbox 1399 1561 1489 1601; x_wconf 90' lang='lat' dir='ltr'><strong>nisi</strong></span> 
     </span>
     <span class='ocr_line' id='line_1_22' title="bbox 170 1628 1485 1682; baseline 0.003 -17"><span class='ocrx_word' id='word_1_163' title='bbox 170 1630 385 1680; x_wconf 89' lang='lat' dir='ltr'><strong>quantum</strong></span> <span class='ocrx_word' id='word_1_164' title='bbox 416 1628 505 1669; x_wconf 83' lang='lat' dir='ltr'><strong>sibi</strong></span> <span class='ocrx_word' id='word_1_165' title='bbox 535 1629 681 1670; x_wconf 86' lang='lat' dir='ltr'><strong>visum</strong></span> <span class='ocrx_word' id='word_1_166' title='bbox 712 1628 853 1669; x_wconf 82' lang='lat' dir='ltr'><strong>fuerit</strong></span> <span class='ocrx_word' id='word_1_167' title='bbox 884 1632 930 1668; x_wconf 94' lang='lat' dir='ltr'><strong>et</strong></span> <span class='ocrx_word' id='word_1_168' title='bbox 962 1640 988 1668; x_wconf 91' lang='lat' dir='ltr'><strong>a</strong></span> <span class='ocrx_word' id='word_1_169' title='bbox 1014 1640 1101 1682; x_wconf 88' lang='lat' dir='ltr'><strong>quo</strong></span> <span class='ocrx_word' id='word_1_170' title='bbox 1135 1628 1222 1668; x_wconf 90' lang='lat' dir='ltr'><strong>sibi</strong></span> <span class='ocrx_word' id='word_1_171' title='bbox 1246 1628 1485 1681; x_wconf 81' lang='lat' dir='ltr'><strong>placuerit.</strong></span> 
     </span>
     <span class='ocr_line' id='line_1_23' title="bbox 167 1694 1485 1751; baseline 0.002 -15"><span class='ocrx_word' id='word_1_172' title='bbox 167 1694 315 1736; x_wconf 87' lang='lat' dir='ltr'><strong>Verus</strong></span> <span class='ocrx_word' id='word_1_173' title='bbox 356 1701 507 1740; x_wconf 88' lang='lat' dir='ltr'><strong>autem</strong></span> <span class='ocrx_word' id='word_1_174' title='bbox 537 1698 716 1751; x_wconf 87' lang='lat' dir='ltr'><strong>patiens</strong></span> <span class='ocrx_word' id='word_1_175' title='bbox 754 1709 846 1738; x_wconf 91' lang='lat' dir='ltr'><strong>non</strong></span> <span class='ocrx_word' id='word_1_176' title='bbox 879 1697 1074 1737; x_wconf 89' lang='lat' dir='ltr'><strong>attendit</strong></span> <span class='ocrx_word' id='word_1_177' title='bbox 1105 1709 1132 1736; x_wconf 88' lang='lat' dir='ltr'><strong>a</strong></span> <span class='ocrx_word' id='word_1_178' title='bbox 1164 1709 1252 1750; x_wconf 86' lang='lat' dir='ltr'><strong>quo</strong></span> <span class='ocrx_word' id='word_1_179' title='bbox 1287 1695 1485 1748; x_wconf 85' lang='lat' dir='ltr'><strong>homine,</strong></span> 
     </span>
     <span class='ocr_line' id='line_1_24' title="bbox 167 1765 1485 1820; baseline 0.003 -17"><span class='ocrx_word' id='word_1_180' title='bbox 167 1768 318 1807; x_wconf 82' lang='lat' dir='ltr'><strong>utrum</strong></span> <span class='ocrx_word' id='word_1_181' title='bbox 343 1777 366 1805; x_wconf 86' lang='lat' dir='ltr'><strong>a</strong></span> <span class='ocrx_word' id='word_1_182' title='bbox 385 1765 593 1819; x_wconf 87' lang='lat' dir='ltr'><strong>praelato</strong></span> <span class='ocrx_word' id='word_1_183' title='bbox 621 1779 703 1808; x_wconf 86' lang='lat' dir='ltr'><strong>suo</strong></span> <span class='ocrx_word' id='word_1_184' title='bbox 732 1779 789 1806; x_wconf 85' lang='lat' dir='ltr'><strong>an</strong></span> <span class='ocrx_word' id='word_1_185' title='bbox 814 1766 870 1807; x_wconf 87' lang='lat' dir='ltr'><strong>ab</strong></span> <span class='ocrx_word' id='word_1_186' title='bbox 891 1766 1045 1820; x_wconf 85' lang='lat' dir='ltr'><strong>aliquo</strong></span> <span class='ocrx_word' id='word_1_187' title='bbox 1074 1767 1257 1820; x_wconf 87' lang='lat' dir='ltr'><strong>aequali</strong></span> <span class='ocrx_word' id='word_1_188' title='bbox 1279 1773 1356 1807; x_wconf 91' lang='lat' dir='ltr'><strong>aut</strong></span> <span class='ocrx_word' id='word_1_189' title='bbox 1371 1767 1485 1808; x_wconf 86' lang='lat' dir='ltr'><strong>infe-</strong></span> 
     </span>
     <span class='ocr_line' id='line_1_25' title="bbox 165 1834 1486 1889; baseline 0.001 -13"><span class='ocrx_word' id='word_1_190' title='bbox 165 1834 302 1884; x_wconf 68' lang='lat' dir='ltr'><strong>riori,</strong></span> <span class='ocrx_word' id='word_1_191' title='bbox 327 1839 479 1875; x_wconf 88' lang='lat' dir='ltr'><strong>utrum</strong></span> <span class='ocrx_word' id='word_1_192' title='bbox 504 1836 667 1878; x_wconf 92' lang='lat' dir='ltr'><strong>abono</strong></span> <span class='ocrx_word' id='word_1_193' title='bbox 696 1841 742 1879; x_wconf 87' lang='lat' dir='ltr'><strong>et</strong></span> <span class='ocrx_word' id='word_1_194' title='bbox 765 1839 923 1876; x_wconf 88' lang='lat' dir='ltr'><strong>sancto</strong></span> <span class='ocrx_word' id='word_1_195' title='bbox 941 1836 1040 1876; x_wconf 87' lang='lat' dir='ltr'><strong>viro</strong></span> <span class='ocrx_word' id='word_1_196' title='bbox 1059 1836 1133 1877; x_wconf 86' lang='lat' dir='ltr'><strong>vel</strong></span> <span class='ocrx_word' id='word_1_197' title='bbox 1159 1849 1185 1876; x_wconf 91' lang='lat' dir='ltr'><strong>a</strong></span> <span class='ocrx_word' id='word_1_198' title='bbox 1201 1842 1416 1889; x_wconf 84' lang='lat' dir='ltr'><strong>perverso</strong></span> <span class='ocrx_word' id='word_1_199' title='bbox 1441 1842 1486 1878; x_wconf 89' lang='lat' dir='ltr'><strong>et</strong></span> 
     </span>
     <span class='ocr_line' id='line_1_26' title="bbox 167 1903 1483 1957; baseline 0.004 -15"><span class='ocrx_word' id='word_1_200' title='bbox 167 1903 354 1957; x_wconf 84' lang='lat' dir='ltr'><strong>indigno</strong></span> <span class='ocrx_word' id='word_1_201' title='bbox 376 1909 664 1956; x_wconf 80' lang='lat' dir='ltr'><strong>exerceatur3</strong></span> <span class='ocrx_word' id='word_1_202' title='bbox 697 1905 779 1946; x_wconf 88' lang='lat' dir='ltr'><strong>sed</strong></span> <span class='ocrx_word' id='word_1_203' title='bbox 795 1904 1113 1947; x_wconf 81' lang='lat' dir='ltr'><strong>indifferenter</strong></span> <span class='ocrx_word' id='word_1_204' title='bbox 1138 1907 1193 1947; x_wconf 86' lang='lat' dir='ltr'><strong>ab</strong></span> <span class='ocrx_word' id='word_1_205' title='bbox 1220 1907 1340 1947; x_wconf 90' lang='lat' dir='ltr'><strong>omni</strong></span> <span class='ocrx_word' id='word_1_206' title='bbox 1360 1919 1483 1947; x_wconf 90' lang='lat' dir='ltr'><strong>crea-</strong></span> 
     </span>
     <span class='ocr_line' id='line_1_27' title="bbox 167 1976 1483 2030; baseline 0.002 -18"><span class='ocrx_word' id='word_1_207' title='bbox 167 1981 284 2023; x_wconf 86' lang='lat' dir='ltr'><strong>tura,</strong></span> <span class='ocrx_word' id='word_1_208' title='bbox 305 1979 698 2029; x_wconf 87' lang='lat' dir='ltr'><strong>quantumcunque</strong></span> <span class='ocrx_word' id='word_1_209' title='bbox 717 1980 763 2016; x_wconf 89' lang='lat' dir='ltr'><strong>et</strong></span> <span class='ocrx_word' id='word_1_210' title='bbox 780 1976 1137 2030; x_wconf 89' lang='lat' dir='ltr'><strong>quotiescunque</strong></span> <span class='ocrx_word' id='word_1_211' title='bbox 1157 1977 1198 2016; x_wconf 88' lang='lat' dir='ltr'><strong>ei</strong></span> <span class='ocrx_word' id='word_1_212' title='bbox 1217 1976 1389 2029; x_wconf 86' lang='lat' dir='ltr'><strong>aliquid</strong></span> <span class='ocrx_word' id='word_1_213' title='bbox 1407 1976 1483 2016; x_wconf 88' lang='lat' dir='ltr'><strong>ad-</strong></span> 
     </span>
     <span class='ocr_line' id='line_1_28' title="bbox 167 2042 1482 2099; baseline 0.003 -18"><span class='ocrx_word' id='word_1_214' title='bbox 167 2042 288 2082; x_wconf 88' lang='lat' dir='ltr'><strong>versi</strong></span> <span class='ocrx_word' id='word_1_215' title='bbox 306 2044 538 2095; x_wconf 90' lang='lat' dir='ltr'><strong>acciderit,</strong></span> <span class='ocrx_word' id='word_1_216' title='bbox 556 2050 703 2086; x_wconf 90' lang='lat' dir='ltr'><strong>totum</strong></span> <span class='ocrx_word' id='word_1_217' title='bbox 721 2044 809 2086; x_wconf 92' lang='lat' dir='ltr'><strong>hoc</strong></span> <span class='ocrx_word' id='word_1_218' title='bbox 827 2046 882 2087; x_wconf 91' lang='lat' dir='ltr'><strong>de</strong></span> <span class='ocrx_word' id='word_1_219' title='bbox 899 2058 1035 2086; x_wconf 88' lang='lat' dir='ltr'><strong>manu</strong></span> <span class='ocrx_word' id='word_1_220' title='bbox 1050 2046 1140 2086; x_wconf 93' lang='lat' dir='ltr'><strong>Dei</strong></span> <span class='ocrx_word' id='word_1_221' title='bbox 1157 2051 1393 2099; x_wconf 74' lang='lat' dir='ltr'><strong>gratanter</strong></span> <span class='ocrx_word' id='word_1_222' title='bbox 1412 2057 1482 2085; x_wconf 86' lang='lat' dir='ltr'><strong>ac-</strong></span> 
     </span>
     <span class='ocr_line' id='line_1_29' title="bbox 169 2111 1484 2169; baseline 0.005 -19"><span class='ocrx_word' id='word_1_223' title='bbox 169 2111 279 2163; x_wconf 86' lang='lat' dir='ltr'><strong>cipit</strong></span> <span class='ocrx_word' id='word_1_224' title='bbox 305 2117 349 2153; x_wconf 91' lang='lat' dir='ltr'><strong>et</strong></span> <span class='ocrx_word' id='word_1_225' title='bbox 363 2114 524 2167; x_wconf 82' lang='lat' dir='ltr'><strong>ingens</strong></span> <span class='ocrx_word' id='word_1_226' title='bbox 542 2115 716 2156; x_wconf 85' lang='lat' dir='ltr'><strong>lucrum</strong></span> <span class='ocrx_word' id='word_1_227' title='bbox 738 2120 941 2169; x_wconf 88' lang='lat' dir='ltr'><strong>reputat:</strong></span> <span class='ocrx_word' id='word_1_228' title='bbox 976 2116 1082 2169; x_wconf 88' lang='lat' dir='ltr'><strong>quia</strong></span> <span class='ocrx_word' id='word_1_229' title='bbox 1101 2115 1165 2155; x_wconf 85' lang='lat' dir='ltr'><strong>nil</strong></span> <span class='ocrx_word' id='word_1_230' title='bbox 1182 2116 1298 2168; x_wconf 87' lang='lat' dir='ltr'><strong>apud</strong></span> <span class='ocrx_word' id='word_1_231' title='bbox 1321 2120 1484 2163; x_wconf 86' lang='lat' dir='ltr'><strong>Deum,</strong></span> 
     </span>
    </p>
   </div>
   <div class='ocr_carea' id='block_1_4' title="bbox 263 2252 560 2292">
    <p class='ocr_par' dir='ltr' id='par_1_5' title="bbox 263 2252 560 2292">
     <span class='ocr_line' id='line_1_30' title="bbox 263 2252 560 2292; baseline 0.01 -9"><span class='ocrx_word' id='word_1_232' title='bbox 263 2254 292 2283; x_wconf 85' lang='lat'><strong>1.</strong></span> <span class='ocrx_word' id='word_1_233' title='bbox 322 2252 435 2285; x_wconf 72' lang='lat' dir='ltr'><strong>‘debr-</strong></span> <span class='ocrx_word' id='word_1_234' title='bbox 457 2256 509 2292; x_wconf 82' lang='lat'><strong>12,</strong></span> <span class='ocrx_word' id='word_1_235' title='bbox 526 2256 560 2286; x_wconf 87' lang='lat'><strong>4.</strong></span> 
     </span>
    </p>
   </div>
  </div>
 </body>
</html>
