<?xml version="1.0" encoding="UTF-8"?>
<!DOCTYPE html PUBLIC "-//W3C//DTD XHTML 1.0 Transitional//EN"
    "http://www.w3.org/TR/xhtml1/DTD/xhtml1-transitional.dtd">
<html xmlns="http://www.w3.org/1999/xhtml" xml:lang="en" lang="en">
 <head>
  <title>
</title>
<meta http-equiv="Content-Type" content="text/html;charset=utf-8" />
  <meta name='ocr-system' content='tesseract 3.04.00' />
  <meta name='ocr-capabilities' content='ocr_page ocr_carea ocr_par ocr_line ocrx_word'/>
</head>
<body>
  <div class='ocr_page' id='page_1' title='image "./thomaekempisde00thom_0091.png"; bbox 0 0 1530 2517; ppageno 0'>
   <div class='ocr_carea' id='block_1_1' title="bbox 286 105 1331 148">
    <p class='ocr_par' dir='ltr' id='par_1_1' title="bbox 286 105 1331 148">
     <span class='ocr_line' id='line_1_1' title="bbox 286 105 1331 148; baseline -0.003 -1"><span class='ocrx_word' id='word_1_1' title='bbox 286 110 547 148; x_wconf 87' lang='lat' dir='ltr'><strong>CHRISTI</strong></span> <span class='ocrx_word' id='word_1_2' title='bbox 603 109 714 146; x_wconf 83' lang='lat' dir='ltr'>LIB.</span> <span class='ocrx_word' id='word_1_3' title='bbox 743 109 794 145; x_wconf 90' lang='grc' dir='ltr'>ΙΙ.</span> <span class='ocrx_word' id='word_1_4' title='bbox 828 109 948 145; x_wconf 84' lang='lat' dir='ltr'>CAP.</span> <span class='ocrx_word' id='word_1_5' title='bbox 981 109 1046 144; x_wconf 87' lang='lat'>12.</span> <span class='ocrx_word' id='word_1_6' title='bbox 1278 105 1331 145; x_wconf 84' lang='lat'>75</span> 
     </span>
    </p>
   </div>
   <div class='ocr_carea' id='block_1_2' title="bbox 10 203 1351 2298">
    <p class='ocr_par' dir='ltr' id='par_1_2' title="bbox 10 203 1340 950">
     <span class='ocr_line' id='line_1_2' title="bbox 94 203 1332 254; baseline -0.003 -6"><span class='ocrx_word' id='word_1_7' title='bbox 94 206 134 248; x_wconf 85' lang='lat'>3.</span> <span class='ocrx_word' id='word_1_8' title='bbox 167 207 286 249; x_wconf 91' lang='lat' dir='ltr'>Ecce</span> <span class='ocrx_word' id='word_1_9' title='bbox 310 207 356 247; x_wconf 92' lang='lat' dir='ltr'>in</span> <span class='ocrx_word' id='word_1_10' title='bbox 383 218 515 247; x_wconf 88' lang='lat' dir='ltr'>cruce</span> <span class='ocrx_word' id='word_1_11' title='bbox 539 209 687 246; x_wconf 90' lang='lat' dir='ltr'>totum</span> <span class='ocrx_word' id='word_1_12' title='bbox 713 208 915 254; x_wconf 88' lang='lat' dir='ltr'>constat,</span> <span class='ocrx_word' id='word_1_13' title='bbox 951 208 997 245; x_wconf 89' lang='lat' dir='ltr'>et</span> <span class='ocrx_word' id='word_1_14' title='bbox 1018 204 1064 244; x_wconf 90' lang='lat' dir='ltr'>in</span> <span class='ocrx_word' id='word_1_15' title='bbox 1093 203 1332 246; x_wconf 90' lang='lat' dir='ltr'>moriendo</span> 
     </span>
     <span class='ocr_line' id='line_1_3' title="bbox 11 274 1336 331; baseline -0.002 -14"><span class='ocrx_word' id='word_1_16' title='bbox 11 281 157 318; x_wconf 84' lang='lat' dir='ltr'>totum</span> <span class='ocrx_word' id='word_1_17' title='bbox 170 277 318 331; x_wconf 81' lang='lat' dir='ltr'>jacet3</span> <span class='ocrx_word' id='word_1_18' title='bbox 351 282 397 318; x_wconf 91' lang='lat' dir='ltr'>et</span> <span class='ocrx_word' id='word_1_19' title='bbox 412 289 503 316; x_wconf 91' lang='lat' dir='ltr'>non</span> <span class='ocrx_word' id='word_1_20' title='bbox 521 280 590 317; x_wconf 91' lang='lat' dir='ltr'>est</span> <span class='ocrx_word' id='word_1_21' title='bbox 608 275 700 315; x_wconf 86' lang='lat' dir='ltr'>alia</span> <span class='ocrx_word' id='word_1_22' title='bbox 715 275 790 315; x_wconf 85' lang='lat' dir='ltr'>via</span> <span class='ocrx_word' id='word_1_23' title='bbox 809 274 867 314; x_wconf 89' lang='lat' dir='ltr'>ad</span> <span class='ocrx_word' id='word_1_24' title='bbox 883 275 1022 314; x_wconf 84' lang='lat' dir='ltr'>vitam</span> <span class='ocrx_word' id='word_1_25' title='bbox 1043 279 1088 315; x_wconf 94' lang='lat' dir='ltr'>et</span> <span class='ocrx_word' id='word_1_26' title='bbox 1106 274 1164 315; x_wconf 89' lang='lat' dir='ltr'>ad</span> <span class='ocrx_word' id='word_1_27' title='bbox 1180 287 1336 315; x_wconf 88' lang='lat' dir='ltr'>veram</span> 
     </span>
     <span class='ocr_line' id='line_1_4' title="bbox 10 345 1336 401; baseline -0.002 -14"><span class='ocrx_word' id='word_1_28' title='bbox 10 347 236 388; x_wconf 86' lang='lat' dir='ltr'>internam</span> <span class='ocrx_word' id='word_1_29' title='bbox 246 346 601 401; x_wconf 86' lang='lat' dir='ltr'>pacem,nisivia</span> <span class='ocrx_word' id='word_1_30' title='bbox 612 349 800 386; x_wconf 85' lang='lat' dir='ltr'>sanctae</span> <span class='ocrx_word' id='word_1_31' title='bbox 817 345 964 385; x_wconf 89' lang='lat' dir='ltr'>crucis</span> <span class='ocrx_word' id='word_1_32' title='bbox 984 349 1029 385; x_wconf 90' lang='lat' dir='ltr'>et</span> <span class='ocrx_word' id='word_1_33' title='bbox 1041 345 1336 399; x_wconf 80' lang='lat' dir='ltr'>quotidianae</span> 
     </span>
     <span class='ocr_line' id='line_1_5' title="bbox 10 414 1335 470; baseline -0.003 -12"><span class='ocrx_word' id='word_1_34' title='bbox 10 417 394 458; x_wconf 86' lang='lat' dir='ltr'>mortificationis.</span> <span class='ocrx_word' id='word_1_35' title='bbox 435 416 628 457; x_wconf 87' lang='lat' dir='ltr'>Ambula</span> <span class='ocrx_word' id='word_1_36' title='bbox 645 415 724 456; x_wconf 90' lang='lat' dir='ltr'>ubi</span> <span class='ocrx_word' id='word_1_37' title='bbox 741 415 823 466; x_wconf 90' lang='lat' dir='ltr'>vis,</span> <span class='ocrx_word' id='word_1_38' title='bbox 845 427 1014 469; x_wconf 85' lang='lat' dir='ltr'>quaere</span> <span class='ocrx_word' id='word_1_39' title='bbox 1033 414 1335 470; x_wconf 87' lang='lat' dir='ltr'>quodcunque</span> 
     </span>
     <span class='ocr_line' id='line_1_6' title="bbox 10 485 1337 538; baseline -0.002 -10"><span class='ocrx_word' id='word_1_40' title='bbox 10 487 236 528; x_wconf 85' lang='lat' dir='ltr'>volueris:</span> <span class='ocrx_word' id='word_1_41' title='bbox 280 491 326 528; x_wconf 92' lang='lat' dir='ltr'>et</span> <span class='ocrx_word' id='word_1_42' title='bbox 348 499 440 527; x_wconf 92' lang='lat' dir='ltr'>non</span> <span class='ocrx_word' id='word_1_43' title='bbox 463 486 668 527; x_wconf 86' lang='lat' dir='ltr'>invenies</span> <span class='ocrx_word' id='word_1_44' title='bbox 695 486 907 526; x_wconf 89' lang='lat' dir='ltr'>altiorem</span> <span class='ocrx_word' id='word_1_45' title='bbox 930 485 1053 526; x_wconf 89' lang='lat' dir='ltr'>viam</span> <span class='ocrx_word' id='word_1_46' title='bbox 1083 497 1223 538; x_wconf 89' lang='lat' dir='ltr'>supra</span> <span class='ocrx_word' id='word_1_47' title='bbox 1252 498 1337 526; x_wconf 87' lang='lat' dir='ltr'>nec</span> 
     </span>
     <span class='ocr_line' id='line_1_7' title="bbox 12 555 1336 607; baseline -0.002 -9"><span class='ocrx_word' id='word_1_48' title='bbox 12 556 292 598; x_wconf 82' lang='lat' dir='ltr'>securiorem</span> <span class='ocrx_word' id='word_1_49' title='bbox 310 557 428 598; x_wconf 88' lang='lat' dir='ltr'>viam</span> <span class='ocrx_word' id='word_1_50' title='bbox 444 556 579 607; x_wconf 87' lang='lat' dir='ltr'>infra,</span> <span class='ocrx_word' id='word_1_51' title='bbox 592 556 681 597; x_wconf 90' lang='lat' dir='ltr'>nisi</span> <span class='ocrx_word' id='word_1_52' title='bbox 696 556 817 597; x_wconf 87' lang='lat' dir='ltr'>viam</span> <span class='ocrx_word' id='word_1_53' title='bbox 834 559 1020 596; x_wconf 89' lang='lat' dir='ltr'>sanctae</span> <span class='ocrx_word' id='word_1_54' title='bbox 1039 556 1199 596; x_wconf 90' lang='lat' dir='ltr'>crucis.</span> <span class='ocrx_word' id='word_1_55' title='bbox 1231 555 1336 596; x_wconf 90' lang='lat' dir='ltr'>Dis-</span> 
     </span>
     <span class='ocr_line' id='line_1_8' title="bbox 10 624 1334 682; baseline -0.002 -15"><span class='ocrx_word' id='word_1_56' title='bbox 10 639 130 682; x_wconf 90' lang='lat' dir='ltr'>pone</span> <span class='ocrx_word' id='word_1_57' title='bbox 150 632 196 669; x_wconf 90' lang='lat' dir='ltr'>et</span> <span class='ocrx_word' id='word_1_58' title='bbox 213 627 375 668; x_wconf 89' lang='lat' dir='ltr'>ordina</span> <span class='ocrx_word' id='word_1_59' title='bbox 394 628 547 669; x_wconf 86' lang='lat' dir='ltr'>omnia</span> <span class='ocrx_word' id='word_1_60' title='bbox 564 626 813 668; x_wconf 84' lang='lat' dir='ltr'>secundum</span> <span class='ocrx_word' id='word_1_61' title='bbox 828 631 955 666; x_wconf 90' lang='lat' dir='ltr'>tuum</span> <span class='ocrx_word' id='word_1_62' title='bbox 965 625 1084 667; x_wconf 89' lang='lat' dir='ltr'>velle</span> <span class='ocrx_word' id='word_1_63' title='bbox 1104 624 1334 666; x_wconf 86' lang='lat' dir='ltr'>etvidere:</span> 
     </span>
     <span class='ocr_line' id='line_1_9' title="bbox 13 695 1339 751; baseline -0.002 -13"><span class='ocrx_word' id='word_1_64' title='bbox 13 703 58 738; x_wconf 87' lang='lat' dir='ltr'>et</span> <span class='ocrx_word' id='word_1_65' title='bbox 73 711 164 739; x_wconf 89' lang='lat' dir='ltr'>non</span> <span class='ocrx_word' id='word_1_66' title='bbox 180 699 407 749; x_wconf 87' lang='lat' dir='ltr'>invenies,</span> <span class='ocrx_word' id='word_1_67' title='bbox 433 698 522 738; x_wconf 86' lang='lat' dir='ltr'>nisi</span> <span class='ocrx_word' id='word_1_68' title='bbox 546 710 727 751; x_wconf 88' lang='lat' dir='ltr'>semper</span> <span class='ocrx_word' id='word_1_69' title='bbox 753 696 927 751; x_wconf 87' lang='lat' dir='ltr'>aliquid</span> <span class='ocrx_word' id='word_1_70' title='bbox 950 696 1048 750; x_wconf 89' lang='lat' dir='ltr'>pati</span> <span class='ocrx_word' id='word_1_71' title='bbox 1070 695 1240 737; x_wconf 87' lang='lat' dir='ltr'>debere</span> <span class='ocrx_word' id='word_1_72' title='bbox 1260 700 1339 735; x_wconf 90' lang='lat' dir='ltr'>aut</span> 
     </span>
     <span class='ocr_line' id='line_1_10' title="bbox 12 766 1340 822; baseline -0.002 -14"><span class='ocrx_word' id='word_1_73' title='bbox 12 774 174 822; x_wconf 91' lang='lat' dir='ltr'>sponte</span> <span class='ocrx_word' id='word_1_74' title='bbox 192 773 272 810; x_wconf 91' lang='lat' dir='ltr'>aut</span> <span class='ocrx_word' id='word_1_75' title='bbox 287 769 443 820; x_wconf 87' lang='lat' dir='ltr'>invite,</span> <span class='ocrx_word' id='word_1_76' title='bbox 457 774 503 809; x_wconf 90' lang='lat' dir='ltr'>et</span> <span class='ocrx_word' id='word_1_77' title='bbox 518 769 584 809; x_wconf 88' lang='lat' dir='ltr'>ita</span> <span class='ocrx_word' id='word_1_78' title='bbox 602 781 783 809; x_wconf 88' lang='lat' dir='ltr'>crucem</span> <span class='ocrx_word' id='word_1_79' title='bbox 801 780 982 820; x_wconf 81' lang='lat' dir='ltr'>semper</span> <span class='ocrx_word' id='word_1_80' title='bbox 998 766 1217 807; x_wconf 88' lang='lat' dir='ltr'>invenies.</span> <span class='ocrx_word' id='word_1_81' title='bbox 1250 767 1340 806; x_wconf 89' lang='lat' dir='ltr'>Aut</span> 
     </span>
     <span class='ocr_line' id='line_1_11' title="bbox 14 836 1337 893; baseline -0.002 -15"><span class='ocrx_word' id='word_1_82' title='bbox 14 839 133 879; x_wconf 90' lang='lat' dir='ltr'>enim</span> <span class='ocrx_word' id='word_1_83' title='bbox 148 839 196 879; x_wconf 91' lang='lat' dir='ltr'>in</span> <span class='ocrx_word' id='word_1_84' title='bbox 215 852 407 893; x_wconf 88' lang='lat' dir='ltr'>corpore</span> <span class='ocrx_word' id='word_1_85' title='bbox 426 838 635 880; x_wconf 89' lang='lat' dir='ltr'>dolorem</span> <span class='ocrx_word' id='word_1_86' title='bbox 652 838 845 888; x_wconf 86' lang='lat' dir='ltr'>senties,</span> <span class='ocrx_word' id='word_1_87' title='bbox 874 841 953 877; x_wconf 87' lang='lat' dir='ltr'>aut</span> <span class='ocrx_word' id='word_1_88' title='bbox 972 837 1020 877; x_wconf 90' lang='lat' dir='ltr'>in</span> <span class='ocrx_word' id='word_1_89' title='bbox 1039 837 1190 877; x_wconf 90' lang='lat' dir='ltr'>anima</span> <span class='ocrx_word' id='word_1_90' title='bbox 1207 836 1337 890; x_wconf 87' lang='lat' dir='ltr'>spiri-</span> 
     </span>
     <span class='ocr_line' id='line_1_12' title="bbox 13 908 724 950; baseline 0 -2"><span class='ocrx_word' id='word_1_91' title='bbox 13 913 84 950; x_wconf 91' lang='lat' dir='ltr'>tus</span> <span class='ocrx_word' id='word_1_92' title='bbox 102 909 446 950; x_wconf 77' lang='lat' dir='ltr'>tribulationem</span> <span class='ocrx_word' id='word_1_93' title='bbox 463 908 724 950; x_wconf 86' lang='lat' dir='ltr'>sustinebis.</span> 
     </span>
    </p>

    <p class='ocr_par' dir='ltr' id='par_1_3' title="bbox 15 976 1350 2147">
     <span class='ocr_line' id='line_1_13' title="bbox 95 976 1338 1032; baseline -0.002 -13"><span class='ocrx_word' id='word_1_94' title='bbox 95 979 135 1019; x_wconf 82' lang='lat'>4.</span> <span class='ocrx_word' id='word_1_95' title='bbox 166 979 398 1020; x_wconf 86' lang='lat' dir='ltr'>Interdum</span> <span class='ocrx_word' id='word_1_96' title='bbox 415 991 443 1019; x_wconf 84' lang='lat' dir='ltr'>a</span> <span class='ocrx_word' id='word_1_97' title='bbox 458 978 561 1020; x_wconf 88' lang='lat' dir='ltr'>Deo</span> <span class='ocrx_word' id='word_1_98' title='bbox 577 977 876 1032; x_wconf 88' lang='lat' dir='ltr'>relinqueris,</span> <span class='ocrx_word' id='word_1_99' title='bbox 895 976 1124 1018; x_wconf 88' lang='lat' dir='ltr'>interdum</span> <span class='ocrx_word' id='word_1_100' title='bbox 1142 988 1169 1016; x_wconf 90' lang='lat' dir='ltr'>a</span> <span class='ocrx_word' id='word_1_101' title='bbox 1185 976 1338 1030; x_wconf 84' lang='lat' dir='ltr'>proxi-</span> 
     </span>
     <span class='ocr_line' id='line_1_14' title="bbox 15 1047 1342 1104; baseline -0.002 -15"><span class='ocrx_word' id='word_1_102' title='bbox 15 1062 88 1090; x_wconf 91' lang='lat' dir='ltr'>mo</span> <span class='ocrx_word' id='word_1_103' title='bbox 110 1050 458 1100; x_wconf 71' lang='lat' dir='ltr'>exercitabaris,</span> <span class='ocrx_word' id='word_1_104' title='bbox 478 1054 524 1090; x_wconf 89' lang='lat' dir='ltr'>et</span> <span class='ocrx_word' id='word_1_105' title='bbox 542 1049 664 1104; x_wconf 87' lang='lat' dir='ltr'>quod</span> <span class='ocrx_word' id='word_1_106' title='bbox 682 1047 875 1102; x_wconf 87' lang='lat' dir='ltr'>amplius</span> <span class='ocrx_word' id='word_1_107' title='bbox 894 1051 985 1097; x_wconf 89' lang='lat' dir='ltr'>est,</span> <span class='ocrx_word' id='word_1_108' title='bbox 1005 1059 1143 1100; x_wconf 85' lang='lat' dir='ltr'>saepe</span> <span class='ocrx_word' id='word_1_109' title='bbox 1160 1047 1342 1087; x_wconf 79' lang='lat' dir='ltr'>tibimet</span> 
     </span>
     <span class='ocr_line' id='line_1_15' title="bbox 16 1117 1338 1174; baseline -0.002 -15"><span class='ocrx_word' id='word_1_110' title='bbox 16 1120 101 1173; x_wconf 90' lang='lat' dir='ltr'>ipsi</span> <span class='ocrx_word' id='word_1_111' title='bbox 121 1120 273 1174; x_wconf 84' lang='lat' dir='ltr'>gravis</span> <span class='ocrx_word' id='word_1_112' title='bbox 293 1121 405 1172; x_wconf 88' lang='lat' dir='ltr'>eris;</span> <span class='ocrx_word' id='word_1_113' title='bbox 423 1133 508 1162; x_wconf 89' lang='lat' dir='ltr'>nec</span> <span class='ocrx_word' id='word_1_114' title='bbox 522 1125 677 1161; x_wconf 86' lang='lat' dir='ltr'>tamen</span> <span class='ocrx_word' id='word_1_115' title='bbox 695 1119 849 1173; x_wconf 90' lang='lat' dir='ltr'>aliquo</span> <span class='ocrx_word' id='word_1_116' title='bbox 866 1117 1073 1159; x_wconf 89' lang='lat' dir='ltr'>remedio</span> <span class='ocrx_word' id='word_1_117' title='bbox 1086 1117 1338 1158; x_wconf 86' lang='lat' dir='ltr'>velsolatio</span> 
     </span>
     <span class='ocr_line' id='line_1_16' title="bbox 17 1188 1341 1245; baseline -0.002 -14"><span class='ocrx_word' id='word_1_118' title='bbox 17 1190 206 1231; x_wconf 87' lang='lat' dir='ltr'>liberari</span> <span class='ocrx_word' id='word_1_119' title='bbox 222 1204 304 1232; x_wconf 90' lang='lat' dir='ltr'>seu</span> <span class='ocrx_word' id='word_1_120' title='bbox 323 1191 532 1233; x_wconf 84' lang='lat' dir='ltr'>alleviari</span> <span class='ocrx_word' id='word_1_121' title='bbox 549 1190 746 1245; x_wconf 88' lang='lat' dir='ltr'>poteris,</span> <span class='ocrx_word' id='word_1_122' title='bbox 775 1188 859 1230; x_wconf 85' lang='lat' dir='ltr'>sed</span> <span class='ocrx_word' id='word_1_123' title='bbox 876 1188 1024 1229; x_wconf 89' lang='lat' dir='ltr'>donec</span> <span class='ocrx_word' id='word_1_124' title='bbox 1039 1188 1167 1229; x_wconf 90' lang='lat' dir='ltr'>Deus</span> <span class='ocrx_word' id='word_1_125' title='bbox 1184 1188 1341 1229; x_wconf 83' lang='lat' dir='ltr'>volue-</span> 
     </span>
     <span class='ocr_line' id='line_1_17' title="bbox 16 1258 1341 1314; baseline -0.001 -14"><span class='ocrx_word' id='word_1_126' title='bbox 16 1261 97 1311; x_wconf 89' lang='lat' dir='ltr'>rit,</span> <span class='ocrx_word' id='word_1_127' title='bbox 127 1265 311 1314; x_wconf 87' lang='lat' dir='ltr'>oportet</span> <span class='ocrx_word' id='word_1_128' title='bbox 326 1266 376 1302; x_wconf 92' lang='lat' dir='ltr'>ut</span> <span class='ocrx_word' id='word_1_129' title='bbox 393 1262 635 1302; x_wconf 81' lang='lat' dir='ltr'>sustineas.</span> <span class='ocrx_word' id='word_1_130' title='bbox 694 1258 806 1302; x_wconf 90' lang='lat' dir='ltr'>Vult</span> <span class='ocrx_word' id='word_1_131' title='bbox 822 1259 942 1299; x_wconf 90' lang='lat' dir='ltr'>enim</span> <span class='ocrx_word' id='word_1_132' title='bbox 957 1259 1085 1299; x_wconf 90' lang='lat' dir='ltr'>Deus</span> <span class='ocrx_word' id='word_1_133' title='bbox 1096 1288 1108 1309; x_wconf 92' lang='lat'>,</span> <span class='ocrx_word' id='word_1_134' title='bbox 1134 1263 1185 1299; x_wconf 88' lang='lat' dir='ltr'>ut</span> <span class='ocrx_word' id='word_1_135' title='bbox 1200 1259 1341 1299; x_wconf 90' lang='lat' dir='ltr'>tribu-</span> 
     </span>
     <span class='ocr_line' id='line_1_18' title="bbox 17 1329 1341 1384; baseline -0.001 -14"><span class='ocrx_word' id='word_1_136' title='bbox 17 1331 239 1373; x_wconf 82' lang='lat' dir='ltr'>lationem</span> <span class='ocrx_word' id='word_1_137' title='bbox 256 1333 354 1374; x_wconf 91' lang='lat' dir='ltr'>sine</span> <span class='ocrx_word' id='word_1_138' title='bbox 373 1331 691 1373; x_wconf 84' lang='lat' dir='ltr'>consolatione</span> <span class='ocrx_word' id='word_1_139' title='bbox 709 1330 807 1384; x_wconf 89' lang='lat' dir='ltr'>pati</span> <span class='ocrx_word' id='word_1_140' title='bbox 824 1329 989 1379; x_wconf 85' lang='lat' dir='ltr'>discas,</span> <span class='ocrx_word' id='word_1_141' title='bbox 1011 1334 1056 1369; x_wconf 92' lang='lat' dir='ltr'>et</span> <span class='ocrx_word' id='word_1_142' title='bbox 1072 1334 1122 1369; x_wconf 85' lang='lat' dir='ltr'>ut</span> <span class='ocrx_word' id='word_1_143' title='bbox 1137 1329 1207 1370; x_wconf 91' lang='lat' dir='ltr'>illi</span> <span class='ocrx_word' id='word_1_144' title='bbox 1224 1334 1341 1369; x_wconf 89' lang='lat' dir='ltr'>tota-</span> 
     </span>
     <span class='ocr_line' id='line_1_19' title="bbox 17 1400 1340 1456; baseline -0.002 -15"><span class='ocrx_word' id='word_1_145' title='bbox 17 1401 124 1442; x_wconf 86' lang='lat' dir='ltr'>liter</span> <span class='ocrx_word' id='word_1_146' title='bbox 162 1406 209 1442; x_wconf 87' lang='lat' dir='ltr'>te</span> <span class='ocrx_word' id='word_1_147' title='bbox 249 1402 466 1456; x_wconf 85' lang='lat' dir='ltr'>subjicias</span> <span class='ocrx_word' id='word_1_148' title='bbox 502 1406 547 1443; x_wconf 92' lang='lat' dir='ltr'>et</span> <span class='ocrx_word' id='word_1_149' title='bbox 577 1400 793 1442; x_wconf 86' lang='lat' dir='ltr'>humilior</span> <span class='ocrx_word' id='word_1_150' title='bbox 826 1413 882 1442; x_wconf 81' lang='lat' dir='ltr'>ex</span> <span class='ocrx_word' id='word_1_151' title='bbox 912 1401 1209 1441; x_wconf 78' lang='lat' dir='ltr'>tribulatione</span> <span class='ocrx_word' id='word_1_152' title='bbox 1241 1400 1340 1439; x_wconf 87' lang='lat' dir='ltr'>fias.</span> 
     </span>
     <span class='ocr_line' id='line_1_20' title="bbox 16 1470 1344 1525; baseline -0.004 -11"><span class='ocrx_word' id='word_1_153' title='bbox 16 1471 163 1514; x_wconf 90' lang='lat' dir='ltr'>Nemo</span> <span class='ocrx_word' id='word_1_154' title='bbox 196 1473 264 1513; x_wconf 86' lang='lat' dir='ltr'>ita</span> <span class='ocrx_word' id='word_1_155' title='bbox 293 1473 560 1514; x_wconf 86' lang='lat' dir='ltr'>cordialiter</span> <span class='ocrx_word' id='word_1_156' title='bbox 584 1473 723 1513; x_wconf 89' lang='lat' dir='ltr'>sentit</span> <span class='ocrx_word' id='word_1_157' title='bbox 745 1472 1011 1525; x_wconf 85' lang='lat' dir='ltr'>passionem</span> <span class='ocrx_word' id='word_1_158' title='bbox 1038 1470 1230 1520; x_wconf 82' lang='lat' dir='ltr'>Christi,</span> <span class='ocrx_word' id='word_1_159' title='bbox 1259 1471 1344 1510; x_wconf 86' lang='lat' dir='ltr'>sic-</span> 
     </span>
     <span class='ocr_line' id='line_1_21' title="bbox 18 1543 1346 1598; baseline -0.002 -15"><span class='ocrx_word' id='word_1_160' title='bbox 18 1548 69 1583; x_wconf 90' lang='lat' dir='ltr'>ut</span> <span class='ocrx_word' id='word_1_161' title='bbox 83 1544 146 1594; x_wconf 90' lang='lat' dir='ltr'>is,</span> <span class='ocrx_word' id='word_1_162' title='bbox 173 1544 248 1584; x_wconf 92' lang='lat' dir='ltr'>cui</span> <span class='ocrx_word' id='word_1_163' title='bbox 273 1544 520 1598; x_wconf 83' lang='lat' dir='ltr'>contigerit</span> <span class='ocrx_word' id='word_1_164' title='bbox 536 1543 704 1584; x_wconf 85' lang='lat' dir='ltr'>similia</span> <span class='ocrx_word' id='word_1_165' title='bbox 721 1543 830 1596; x_wconf 85' lang='lat' dir='ltr'>pati.</span> <span class='ocrx_word' id='word_1_166' title='bbox 893 1544 1015 1584; x_wconf 79' lang='lat' dir='ltr'>Crux</span> <span class='ocrx_word' id='word_1_167' title='bbox 1033 1553 1143 1595; x_wconf 86' lang='lat' dir='ltr'>ergo</span> <span class='ocrx_word' id='word_1_168' title='bbox 1164 1551 1346 1593; x_wconf 88' lang='lat' dir='ltr'>semper</span> 
     </span>
     <span class='ocr_line' id='line_1_22' title="bbox 19 1608 1345 1669; baseline -0.004 -15"><span class='ocrx_word' id='word_1_169' title='bbox 19 1619 183 1668; x_wconf 87' lang='lat' dir='ltr'>parata</span> <span class='ocrx_word' id='word_1_170' title='bbox 209 1619 279 1655; x_wconf 88' lang='lat' dir='ltr'>est</span> <span class='ocrx_word' id='word_1_171' title='bbox 304 1618 349 1655; x_wconf 89' lang='lat' dir='ltr'>et</span> <span class='ocrx_word' id='word_1_172' title='bbox 371 1615 541 1669; x_wconf 88' lang='lat' dir='ltr'>ubique</span> <span class='ocrx_word' id='word_1_173' title='bbox 566 1618 612 1654; x_wconf 93' lang='lat' dir='ltr'>te</span> <span class='ocrx_word' id='word_1_174' title='bbox 641 1617 889 1666; x_wconf 83' lang='lat' dir='ltr'>exspectat.</span> <span class='ocrx_word' id='word_1_175' title='bbox 949 1612 1052 1653; x_wconf 89' lang='lat' dir='ltr'>Non</span> <span class='ocrx_word' id='word_1_176' title='bbox 1071 1615 1204 1665; x_wconf 87' lang='lat' dir='ltr'>potes</span> <span class='ocrx_word' id='word_1_177' title='bbox 1232 1608 1345 1650; x_wconf 84' lang='lat' dir='ltr'>effu-</span> 
     </span>
     <span class='ocr_line' id='line_1_23' title="bbox 20 1680 1343 1739; baseline -0.005 -13"><span class='ocrx_word' id='word_1_178' title='bbox 20 1697 146 1738; x_wconf 83' lang='lat' dir='ltr'>gere,</span> <span class='ocrx_word' id='word_1_179' title='bbox 166 1685 422 1739; x_wconf 87' lang='lat' dir='ltr'>ubicunque</span> <span class='ocrx_word' id='word_1_180' title='bbox 442 1684 711 1734; x_wconf 88' lang='lat' dir='ltr'>cucurreris,</span> <span class='ocrx_word' id='word_1_181' title='bbox 732 1683 853 1737; x_wconf 84' lang='lat' dir='ltr'>quia,</span> <span class='ocrx_word' id='word_1_182' title='bbox 874 1682 1128 1735; x_wconf 84' lang='lat' dir='ltr'>ubicunque</span> <span class='ocrx_word' id='word_1_183' title='bbox 1146 1680 1343 1730; x_wconf 85' lang='lat' dir='ltr'>veneris,</span> 
     </span>
     <span class='ocr_line' id='line_1_24' title="bbox 20 1750 1341 1808; baseline -0.005 -13"><span class='ocrx_word' id='word_1_184' title='bbox 20 1760 66 1795; x_wconf 92' lang='lat' dir='ltr'>te</span> <span class='ocrx_word' id='word_1_185' title='bbox 91 1755 240 1808; x_wconf 88' lang='lat' dir='ltr'>ipsum</span> <span class='ocrx_word' id='word_1_186' title='bbox 265 1760 416 1796; x_wconf 88' lang='lat' dir='ltr'>tecum</span> <span class='ocrx_word' id='word_1_187' title='bbox 440 1759 599 1808; x_wconf 84' lang='lat' dir='ltr'>portas</span> <span class='ocrx_word' id='word_1_188' title='bbox 627 1759 672 1795; x_wconf 90' lang='lat' dir='ltr'>et</span> <span class='ocrx_word' id='word_1_189' title='bbox 688 1765 869 1806; x_wconf 89' lang='lat' dir='ltr'>semper</span> <span class='ocrx_word' id='word_1_190' title='bbox 885 1760 931 1793; x_wconf 86' lang='lat' dir='ltr'>te</span> <span class='ocrx_word' id='word_1_191' title='bbox 956 1754 1104 1806; x_wconf 88' lang='lat' dir='ltr'>ipsum</span> <span class='ocrx_word' id='word_1_192' title='bbox 1120 1750 1341 1801; x_wconf 85' lang='lat' dir='ltr'>invenies.</span> 
     </span>
     <span class='ocr_line' id='line_1_25' title="bbox 25 1813 1344 1880; baseline -0.005 -13"><span class='ocrx_word' id='word_1_193' title='bbox 25 1826 251 1867; x_wconf 85' lang='lat' dir='ltr'>Converte</span> <span class='ocrx_word' id='word_1_194' title='bbox 268 1830 314 1866; x_wconf 90' lang='lat' dir='ltr'>te</span> <span class='ocrx_word' id='word_1_195' title='bbox 332 1838 484 1880; x_wconf 89' lang='lat' dir='ltr'>supra,</span> <span class='ocrx_word' id='word_1_196' title='bbox 504 1828 718 1866; x_wconf 87' lang='lat' dir='ltr'>converte</span> <span class='ocrx_word' id='word_1_197' title='bbox 733 1828 780 1864; x_wconf 91' lang='lat' dir='ltr'>te</span> <span class='ocrx_word' id='word_1_198' title='bbox 797 1822 940 1873; x_wconf 83' lang='lat' dir='ltr'>infra3</span> <span class='ocrx_word' id='word_1_199' title='bbox 973 1835 1083 1863; x_wconf 87' lang='lat' dir='ltr'>conv</span> <span class='ocrx_word' id='word_1_200' title='bbox 1092 1813 1187 1862; x_wconf 87' lang='lat' dir='ltr'>erte</span> <span class='ocrx_word' id='word_1_201' title='bbox 1203 1826 1250 1861; x_wconf 89' lang='lat' dir='ltr'>te</span> <span class='ocrx_word' id='word_1_202' title='bbox 1267 1820 1344 1861; x_wconf 66' lang='lat' dir='ltr'>&#39;ex-</span> 
     </span>
     <span class='ocr_line' id='line_1_26' title="bbox 23 1892 1346 1946; baseline -0.005 -10"><span class='ocrx_word' id='word_1_203' title='bbox 23 1902 110 1946; x_wconf 85' lang='lat' dir='ltr'>tra,</span> <span class='ocrx_word' id='word_1_204' title='bbox 124 1899 337 1937; x_wconf 81' lang='lat' dir='ltr'>converte</span> <span class='ocrx_word' id='word_1_205' title='bbox 355 1900 401 1937; x_wconf 86' lang='lat' dir='ltr'>te</span> <span class='ocrx_word' id='word_1_206' title='bbox 417 1897 558 1936; x_wconf 86' lang='lat' dir='ltr'>intra:</span> <span class='ocrx_word' id='word_1_207' title='bbox 588 1899 634 1936; x_wconf 89' lang='lat' dir='ltr'>et</span> <span class='ocrx_word' id='word_1_208' title='bbox 647 1895 694 1935; x_wconf 86' lang='lat' dir='ltr'>in</span> <span class='ocrx_word' id='word_1_209' title='bbox 711 1892 782 1934; x_wconf 89' lang='lat' dir='ltr'>his</span> <span class='ocrx_word' id='word_1_210' title='bbox 801 1894 1009 1934; x_wconf 87' lang='lat' dir='ltr'>omnibus</span> <span class='ocrx_word' id='word_1_211' title='bbox 1025 1892 1229 1932; x_wconf 85' lang='lat' dir='ltr'>invenies</span> <span class='ocrx_word' id='word_1_212' title='bbox 1249 1903 1346 1931; x_wconf 92' lang='lat' dir='ltr'>cru-</span> 
     </span>
     <span class='ocr_line' id='line_1_27' title="bbox 28 1960 1349 2019; baseline -0.006 -12"><span class='ocrx_word' id='word_1_213' title='bbox 28 1979 148 2017; x_wconf 87' lang='lat' dir='ltr'>cem,</span> <span class='ocrx_word' id='word_1_214' title='bbox 176 1970 222 2007; x_wconf 88' lang='lat' dir='ltr'>et</span> <span class='ocrx_word' id='word_1_215' title='bbox 243 1977 433 2007; x_wconf 89' lang='lat' dir='ltr'>necesse</span> <span class='ocrx_word' id='word_1_216' title='bbox 461 1969 532 2005; x_wconf 88' lang='lat' dir='ltr'>est</span> <span class='ocrx_word' id='word_1_217' title='bbox 555 1969 602 2005; x_wconf 88' lang='lat' dir='ltr'>te</span> <span class='ocrx_word' id='word_1_218' title='bbox 626 1965 795 2019; x_wconf 90' lang='lat' dir='ltr'>ubique</span> <span class='ocrx_word' id='word_1_219' title='bbox 818 1968 976 2005; x_wconf 90' lang='lat' dir='ltr'>tenere</span> <span class='ocrx_word' id='word_1_220' title='bbox 993 1963 1282 2017; x_wconf 88' lang='lat' dir='ltr'>patientiam,</span> <span class='ocrx_word' id='word_1_221' title='bbox 1310 1960 1349 2000; x_wconf 91' lang='lat' dir='ltr'>si</span> 
     </span>
     <span class='ocr_line' id='line_1_28' title="bbox 26 2031 1350 2089; baseline -0.004 -13"><span class='ocrx_word' id='word_1_222' title='bbox 26 2037 253 2077; x_wconf 88' lang='lat' dir='ltr'>internam</span> <span class='ocrx_word' id='word_1_223' title='bbox 269 2036 337 2076; x_wconf 84' lang='lat' dir='ltr'>vis</span> <span class='ocrx_word' id='word_1_224' title='bbox 362 2034 533 2076; x_wconf 89' lang='lat' dir='ltr'>habere</span> <span class='ocrx_word' id='word_1_225' title='bbox 550 2047 711 2089; x_wconf 88' lang='lat' dir='ltr'>pacem</span> <span class='ocrx_word' id='word_1_226' title='bbox 737 2039 782 2076; x_wconf 89' lang='lat' dir='ltr'>et</span> <span class='ocrx_word' id='word_1_227' title='bbox 806 2038 1074 2088; x_wconf 85' lang='lat' dir='ltr'>perpetuam</span> <span class='ocrx_word' id='word_1_228' title='bbox 1094 2031 1350 2087; x_wconf 90' lang='lat' dir='ltr'>promereri</span> 
     </span>
     <span class='ocr_line' id='line_1_29' title="bbox 31 2118 262 2147; baseline -0.009 0"><span class='ocrx_word' id='word_1_229' title='bbox 31 2118 262 2147; x_wconf 88' lang='lat' dir='ltr'>coronam.</span> 
     </span>
    </p>

    <p class='ocr_par' dir='ltr' id='par_1_4' title="bbox 32 2172 1351 2298">
     <span class='ocr_line' id='line_1_30' title="bbox 113 2172 1351 2228; baseline -0.003 -13"><span class='ocrx_word' id='word_1_230' title='bbox 113 2176 152 2215; x_wconf 87' lang='lat'>5.</span> <span class='ocrx_word' id='word_1_231' title='bbox 190 2175 237 2217; x_wconf 91' lang='lat' dir='ltr'>Si</span> <span class='ocrx_word' id='word_1_232' title='bbox 255 2176 452 2216; x_wconf 86' lang='lat' dir='ltr'>libenter</span> <span class='ocrx_word' id='word_1_233' title='bbox 470 2188 648 2216; x_wconf 86' lang='lat' dir='ltr'>crucem</span> <span class='ocrx_word' id='word_1_234' title='bbox 666 2180 846 2228; x_wconf 88' lang='lat' dir='ltr'>portas,</span> <span class='ocrx_word' id='word_1_235' title='bbox 870 2174 1073 2228; x_wconf 88' lang='lat' dir='ltr'>portabit</span> <span class='ocrx_word' id='word_1_236' title='bbox 1088 2178 1133 2213; x_wconf 88' lang='lat' dir='ltr'>te</span> <span class='ocrx_word' id='word_1_237' title='bbox 1153 2177 1199 2213; x_wconf 85' lang='lat' dir='ltr'>et</span> <span class='ocrx_word' id='word_1_238' title='bbox 1215 2172 1351 2212; x_wconf 84' lang='lat' dir='ltr'>ducet</span> 
     </span>
     <span class='ocr_line' id='line_1_31' title="bbox 32 2243 1349 2298; baseline -0.004 -12"><span class='ocrx_word' id='word_1_239' title='bbox 32 2245 89 2286; x_wconf 83' lang='lat' dir='ltr'>ad</span> <span class='ocrx_word' id='word_1_240' title='bbox 108 2246 416 2288; x_wconf 76' lang='lat' dir='ltr'>desideratum</span> <span class='ocrx_word' id='word_1_241' title='bbox 436 2246 594 2296; x_wconf 85' lang='lat' dir='ltr'>finem,</span> <span class='ocrx_word' id='word_1_242' title='bbox 621 2247 698 2287; x_wconf 91' lang='lat' dir='ltr'>ubi</span> <span class='ocrx_word' id='word_1_243' title='bbox 715 2246 891 2287; x_wconf 87' lang='lat' dir='ltr'>scilicet</span> <span class='ocrx_word' id='word_1_244' title='bbox 906 2246 1008 2286; x_wconf 86' lang='lat' dir='ltr'>finis</span> <span class='ocrx_word' id='word_1_245' title='bbox 1026 2243 1231 2298; x_wconf 87' lang='lat' dir='ltr'>patiendi</span> <span class='ocrx_word' id='word_1_246' title='bbox 1249 2243 1349 2291; x_wconf 88' lang='lat' dir='ltr'>erit,</span> 
     </span>
    </p>
   </div>
  </div>
 </body>
</html>
