1530 2517
117 105 168 144 42
500 104 585 140 DE
624 103 1025 141 ΙΜΙΤΑΤΙΟΝΕ

116 202 204 242 1116
221 200 413 253 incipies
440 199 497 241 de
520 203 621 240 tota
643 201 739 240 vita
753 203 835 240 tua
850 200 1125 253 praeterita,
1147 202 1193 240 et
1207 199 1341 241 valde
1361 199 1438 241 do-

116 271 247 321 lebis,
268 270 375 323 quia
391 273 484 309 tam
501 270 740 324 negligens
760 274 806 311 et
818 270 1038 310 remissus
1056 268 1200 309 fuisti.

197 340 238 380 4.
274 340 422 389 Quam
445 338 561 380 felix
585 345 632 381 et
653 339 877 394 prudens,
906 339 984 393 qui
1005 339 1112 379 talis
1137 351 1257 379 nunc
1279 311 1438 380 nititur

116 422 216 451 esse
240 410 289 449 in
311 409 420 459 vita,
456 409 602 463 qualis
637 413 767 462 optat
795 409 992 449 inveniri
1022 409 1070 449 in
1093 408 1264 450 morte!
1295 409 1438 450 Dabit

58 498 63 500 -
110 491 306 533 namque
346 491 559 533 magnam
596 479 811 519 fiduciam
850 478 1050 520 feliciter
1078 478 1305 519 moriendi
1334 491 1436 532 per-

111 549 260 590 fectus
287 553 542 590 contemtus
566 548 744 599 mundi,
771 547 955 589 fervens
975 548 1253 589 desiderium
1276 548 1325 588 in
1347 548 1436 588 vir-

110 619 282 659 tutibus
315 618 611 672 proficiendi,
647 631 777 659 amor
802 617 1095 671 disciplinae,
1122 618 1255 658 labor
1278 619 1435 672 poeni-

107 690 303 741 tentiae,
335 689 617 743 promtitudo
654 688 970 738 obedientiae,
1005 688 1249 741 abnegatio
1285 688 1357 728 sui
1391 692 1437 728 et

108 760 394 813 supportatio
415 758 658 812 cujuslibet
676 758 967 800 adversitatis
978 770 1060 811 pro
1082 770 1237 798 amore
1249 756 1432 798 Christi·

107 829 256 871 Multa
271 830 394 870 bona
412 833 543 883 potes
564 829 761 882 operari,
781 828 888 870 dum
905 841 1042 869 sanus
1063 840 1110 869 es
1123 841 1133 878 3
1146 827 1434 868 sedinfirma-

107 904 182 940 tus
199 900 356 941 nescio
378 899 486 953 quid
502 899 692 953 poteris.
753 899 896 940 Pauci
915 911 972 939 ex
993 898 1259 939 infirmitate
1275 897 1436 938 melio-

107 975 289 1021 rantur3
308 971 375 1011 sic
392 975 439 1011 et
455 970 532 1023 qui
547 969 737 1009 multum
753 969 1127 1023 peregrinantur,
1145 979 1252 1008 raro
1271 967 1435 1008 sancti-

110 1040 316 1081 ficantur.

197 1124 237 1164 5.
269 1124 378 1166 Noh·
397 1122 628 1165 confidere
647 1134 784 1176 super
810 1123 982 1163 amicos
1010 1127 1056 1162 et
1070 1122 1328 1175 proximos,
1353 1133 1439 1162 nec

110 1197 158 1236 in
175 1195 378 1236 futurum
392 1199 520 1235 tuam
540 1192 729 1234 differas
748 1192 966 1242 salutem,
996 1192 1102 1245 quia
1127 1192 1259 1232 citius
1280 1191 1438 1231 oblivi-

113 1271 298 1308 scentur
327 1265 395 1306 tui
433 1263 666 1314 homines,
708 1275 844 1317 quam
877 1263 1108 1302 aestimas.
1167 1261 1336 1302 Melius
1371 1265 1441 1302 est

112 1350 230 1377 nunc
246 1335 515 1388 tempestive
533 1332 801 1387 providere,
831 1336 877 1373 et
902 1332 1075 1386 aliquid
1097 1332 1209 1371 boni
1225 1332 1439 1384 praemit-

110 1412 233 1457 tere,
263 1417 399 1460 quam
423 1416 561 1458 super
587 1403 784 1443 aliorum
809 1401 981 1442 auxilio
1009 1414 1213 1454 sperare.
1275 1401 1325 1443 Si
1347 1413 1439 1440 non

114 1490 162 1518 es
179 1488 262 1530 pro
279 1481 326 1516 te
342 1476 444 1528 ipso
463 1474 689 1515 sollicitus
706 1472 845 1513 modo
858 1502 870 1523 ‚
891 1472 990 1526 quis
1010 1472 1097 1512 erit
1113 1471 1338 1512 sollicitus
1354 1483 1437 1524 pro

111 1552 157 1588 te
188 1547 235 1586 111
266 1543 451 1586 1111111οὲ
497 1543 630 1585 Ν11116
668 1547 847 1595 tempus
890 1546 961 1583 est
997 1541 1131 1581 valde
1170 1541 1437 1593 pretiosum.

111 1615 267 1657 Nunc
305 1618 434 1655 sunt
473 1613 597 1653 dies
637 1611 869 1662 salutis,
916 1623 1059 1651 nunc
1095 1615 1312 1663 tempus
1354 1623 1441 1651 ac—

115 1684 419 1739 ceptabile.
481 1682 572 1725 Sed
589 1679 706 1735 proh
732 1681 888 1732 dolor,
916 1681 1040 1735 quod
1064 1679 1153 1721 hoc
1176 1680 1332 1720 utilius
1350 1692 1442 1720 non

115 1754 356 1809 expendis,
382 1753 429 1794 in
455 1765 542 1807 quo
561 1752 816 1806 promereri
832 1751 982 1801 vales,
1008 1750 1128 1791 unde
1147 1749 1443 1791 aeternaliter

115 1824 263 1866 vivas!
295 1823 477 1873 Veniet,
513 1821 693 1877 quando
726 1834 865 1861 unum
897 1820 1019 1861 diem
1050 1833 1133 1861 seu
1164 1818 1325 1861 horam
1356 1832 1438 1874 pro

118 1895 438 1937 emendatione
457 1891 757 1942 desiderabis,
778 1895 824 1932 et
838 1891 994 1932 nescio
1015 1903 1072 1930 an
1087 1890 1370 1943 impetrabis.

200 1965 240 2006 6.
271 1964 359 2005 Eia
385 1963 643 2013 carissime,
677 1961 733 2002 de
761 1965 933 2016 quanto
959 1961 1165 2014 periculo
1190 1965 1237 2001 16
1267 1961 1442 2013 poteris

117 2036 338 2085 liberare,
374 2034 429 2076 de
457 2046 591 2088 quam
613 2044 780 2086 magno
806 2032 973 2073 timore
1001 2031 1200 2083 eripere,
1234 2030 1273 2070 31
1302 2029 1441 2070 modo

118 2119 300 2161 semper
336 2105 578 2145 timoratus
618 2101 761 2144 fueris
804 2106 850 2143 61
889 2105 1128 2154 suspectus
1169 2100 1224 2140 de
1270 2097 1440 2141 mortel

207 2249 238 2279 5.
264 2248 295 2278 2.
315 2244 397 2278 Cor.
415 2247 445 2283 6,
461 2246 493 2276 2.
