1530 2517
465 153 501 190 E
513 154 546 190 Τ
586 153 615 189 C
625 153 661 190 A
670 152 701 188 P
712 152 730 187 1
739 152 771 188 T
784 150 818 186 U
827 151 871 187 M
1280 156 1329 188 XI

1238 227 1334 270 Pag.

15 299 109 344 Cap.
164 294 237 331 XI.
264 295 370 336 Quod
388 305 524 339 corpus
541 292 681 328 Christi
698 295 737 327 et
752 301 859 326 saera
875 291 1063 336 scriptura
1078 290 1241 324 maxime

331 357 407 390 sint
424 356 569 389 animae
587 351 691 387 fideli
708 353 926 387 necessaria
967 374 1218 386 .....
1266 353 1334 385 226

141 415 237 452 XII.
264 417 372 457 Quod
395 425 528 459 magna
551 413 749 457 diligentia
772 424 811 446 se
839 412 975 446 debeat
998 411 1243 446 communica-

332 479 439 510 turus
459 474 609 509 Christo
627 483 859 518 praeparare
909 496 1219 508 ......
1268 475 1333 507 230

123 537 239 574 XIII.
267 538 374 578 Quod
392 538 472 570 toto
491 535 601 570 corde
620 535 742 568 anima
761 534 895 568 devota
912 532 1053 567 Christi
1071 533 1244 568 unionem

331 598 372 632 in
390 597 622 631 sacramento
642 594 823 628 affectare
842 593 955 628 debet
972 619 1220 629 .....
1270 597 1336 628 ‘232

132 657 243 694 XIV.
269 658 328 692 De
347 657 576 703 quorundam
595 656 811 690 devotorum
827 654 976 688 ardenti
994 654 1181 689 desiderio
1197 655 1245 688 ad

335 729 472 762 corpus
491 717 634 750 Christi
673 739 1222 751 ..........
1270 718 1338 750 234

147 780 238 815 XV.
266 779 372 819 Quod
390 778 514 820 gratia
533 777 742 810 devotionis
759 774 973 810 humilitate
995 778 1035 810 et
1051 776 1106 810 sui
1123 776 1244 820 ipsius

332 839 579 881 abnegatione
598 838 804 881 acquiritur
850 861 1220 872 .......
1270 839 1337 871 236

38 929 60 944 ,,
129 901 239 936 XVI.
269 900 376 940 Quod
397 899 646 933 necessitates
672 899 821 931 nostras
847 895 998 931 Christo
1031 897 1180 942 aperire
1206 900 1245 931 et

333 960 415 1005 ejus
433 960 591 1003 gratiam
608 955 801 1004 postulare
822 957 999 991 debemus
1032 983 1042 992 .
1091 984 1101 993 .
1150 984 1160 994 .
1210 983 1221 994 .
1269 961 1337 992 238

38 1050 61 1065 ‚,
107 1022 239 1058 XVII.
265 1021 323 1056 De
349 1020 494 1055 ardenti
519 1031 643 1054 amore
668 1020 707 1053 et
729 1016 942 1052 vehementi
965 1018 1104 1054 affectu
1128 1020 1244 1054 susci-

333 1082 464 1127 piendi
483 1080 673 1115 Christum
731 1102 1218 1114 .........
1268 1083 1335 1114 239

38 1170 62 1188 „
87 1144 241 1179 XVIII.
268 1142 374 1184 Quod
398 1141 508 1176 homo
532 1152 608 1175 non
632 1141 684 1174 sit
714 1140 882 1174 curiosus
908 1142 1095 1174 scrutator
1118 1151 1243 1174 saera-

331 1204 460 1243 menti,
478 1202 545 1236 sed
563 1200 713 1235 humilis
729 1201 898 1234 imitator
915 1200 1069 1242 Christi,
1080 1202 1242 1236 subden-

334 1264 379 1298 do
395 1274 543 1298 sensum
561 1273 666 1296 suum
684 1271 817 1296 sacrae
831 1261 922 1296 fidei
968 1284 1218 1298 .....
1267 1265 1334 1296 242

34 443 59 461 22

34 686 58 703 9³
