<?xml version="1.0" encoding="UTF-8"?>
<!DOCTYPE html PUBLIC "-//W3C//DTD XHTML 1.0 Transitional//EN"
    "http://www.w3.org/TR/xhtml1/DTD/xhtml1-transitional.dtd">
<html xmlns="http://www.w3.org/1999/xhtml" xml:lang="en" lang="en">
 <head>
  <title>
</title>
<meta http-equiv="Content-Type" content="text/html;charset=utf-8" />
  <meta name='ocr-system' content='tesseract 3.04.00' />
  <meta name='ocr-capabilities' content='ocr_page ocr_carea ocr_par ocr_line ocrx_word'/>
</head>
<body>
  <div class='ocr_page' id='page_1' title='image "./thomaekempisde00thom_0096.png"; bbox 0 0 1530 2517; ppageno 0'>
   <div class='ocr_carea' id='block_1_1' title="bbox 407 616 1227 676">
    <p class='ocr_par' dir='ltr' id='par_1_1' title="bbox 407 616 1227 676">
     <span class='ocr_line' id='line_1_1' title="bbox 407 616 1227 676; baseline -0.001 -2"><span class='ocrx_word' id='word_1_1' title='bbox 407 616 703 675; x_wconf 85' lang='lat' dir='ltr'>LIBER</span> <span class='ocrx_word' id='word_1_2' title='bbox 782 616 1227 676; x_wconf 87' lang='lat' dir='ltr'><strong>TERTIUS.</strong></span> 
     </span>
    </p>
   </div>
   <div class='ocr_carea' id='block_1_2' title="bbox 212 779 1420 822">
    <p class='ocr_par' dir='ltr' id='par_1_2' title="bbox 212 779 1420 822">
     <span class='ocr_line' id='line_1_2' title="bbox 212 779 1420 822; baseline -0.001 -1"><span class='ocrx_word' id='word_1_3' title='bbox 212 780 311 821; x_wconf 82' lang='lat' dir='ltr'>DE</span> <span class='ocrx_word' id='word_1_4' title='bbox 364 780 723 822; x_wconf 86' lang='lat' dir='ltr'><strong>INTERNA</strong></span> <span class='ocrx_word' id='word_1_5' title='bbox 777 779 1420 822; x_wconf 86' lang='lat' dir='ltr'><strong>CONSOLATIONE.</strong></span> 
     </span>
    </p>
   </div>
   <div class='ocr_carea' id='block_1_3' title="bbox 632 1107 1009 1153">
    <p class='ocr_par' dir='ltr' id='par_1_3' title="bbox 632 1107 1009 1153">
     <span class='ocr_line' id='line_1_3' title="bbox 632 1107 1009 1153; baseline -0.005 0"><span class='ocrx_word' id='word_1_6' title='bbox 632 1107 894 1153; x_wconf 84' lang='lat' dir='ltr'><strong>CAPUT</strong></span> <span class='ocrx_word' id='word_1_7' title='bbox 963 1108 1009 1152; x_wconf 83' lang='grc' dir='ltr'>Ι.</span> 
     </span>
    </p>
   </div>
   <div class='ocr_carea' id='block_1_4' title="bbox 294 1220 1349 1346">
    <p class='ocr_par' dir='ltr' id='par_1_4' title="bbox 294 1220 1349 1346">
     <span class='ocr_line' id='line_1_4' title="bbox 294 1220 1349 1263; baseline -0.002 0"><span class='ocrx_word' id='word_1_8' title='bbox 294 1220 366 1263; x_wconf 81' lang='lat' dir='ltr'>De</span> <span class='ocrx_word' id='word_1_9' title='bbox 396 1222 572 1263; x_wconf 79' lang='lat' dir='ltr'>interna</span> <span class='ocrx_word' id='word_1_10' title='bbox 611 1221 779 1263; x_wconf 65' lang='lat' dir='ltr'>Christi</span> <span class='ocrx_word' id='word_1_11' title='bbox 811 1220 1029 1262; x_wconf 71' lang='lat' dir='ltr'>locatione</span> <span class='ocrx_word' id='word_1_12' title='bbox 1065 1221 1125 1261; x_wconf 81' lang='lat' dir='ltr'>ad</span> <span class='ocrx_word' id='word_1_13' title='bbox 1156 1220 1349 1261; x_wconf 82' lang='lat' dir='ltr'>animam</span> 
     </span>
     <span class='ocr_line' id='line_1_5' title="bbox 715 1290 909 1346; baseline -0.01 -14"><span class='ocrx_word' id='word_1_14' title='bbox 715 1290 909 1346; x_wconf 85' lang='lat' dir='ltr'>fidelem.</span> 
     </span>
    </p>
   </div>
   <div class='ocr_carea' id='block_1_5' title="bbox 159 1421 1487 2196">
    <p class='ocr_par' dir='ltr' id='par_1_5' title="bbox 159 1421 1487 2196">
     <span class='ocr_line' id='line_1_6' title="bbox 243 1421 1481 1493; baseline -0.001 -15"><span class='ocrx_word' id='word_1_15' title='bbox 243 1439 283 1479; x_wconf 88' lang='lat'>1.</span> <span class='ocrx_word' id='word_1_16' title='bbox 313 1421 588 1490; x_wconf 80' lang='lat' dir='ltr'><strong>Audiam,</strong></span> <span class='ocrx_word' id='word_1_17' title='bbox 633 1438 764 1492; x_wconf 82' lang='lat' dir='ltr'>quid</span> <span class='ocrx_word' id='word_1_18' title='bbox 795 1438 1066 1493; x_wconf 90' lang='lat' dir='ltr'>loquatur</span> <span class='ocrx_word' id='word_1_19' title='bbox 1094 1440 1150 1478; x_wconf 90' lang='lat' dir='ltr'>in</span> <span class='ocrx_word' id='word_1_20' title='bbox 1180 1451 1261 1480; x_wconf 86' lang='lat' dir='ltr'>me</span> <span class='ocrx_word' id='word_1_21' title='bbox 1293 1438 1481 1480; x_wconf 83' lang='lat' dir='ltr'>Domi-</span> 
     </span>
     <span class='ocr_line' id='line_1_7' title="bbox 159 1508 1482 1564; baseline -0.003 -11"><span class='ocrx_word' id='word_1_22' title='bbox 159 1526 259 1554; x_wconf 71' lang='lat' dir='ltr'>nus</span> <span class='ocrx_word' id='word_1_23' title='bbox 290 1513 332 1554; x_wconf 92' lang='lat' dir='ltr'>D</span> <span class='ocrx_word' id='word_1_24' title='bbox 346 1525 454 1554; x_wconf 89' lang='lat' dir='ltr'>eus.</span> <span class='ocrx_word' id='word_1_25' title='bbox 523 1512 671 1553; x_wconf 89' lang='lat' dir='ltr'>Beata</span> <span class='ocrx_word' id='word_1_26' title='bbox 689 1511 861 1560; x_wconf 90' lang='lat' dir='ltr'>anima,</span> <span class='ocrx_word' id='word_1_27' title='bbox 888 1522 1005 1564; x_wconf 86' lang='lat' dir='ltr'>quae</span> <span class='ocrx_word' id='word_1_28' title='bbox 1022 1511 1269 1551; x_wconf 88' lang='lat' dir='ltr'>Dominum</span> <span class='ocrx_word' id='word_1_29' title='bbox 1283 1510 1330 1550; x_wconf 89' lang='lat' dir='ltr'>in</span> <span class='ocrx_word' id='word_1_30' title='bbox 1347 1521 1397 1549; x_wconf 87' lang='lat' dir='ltr'>se</span> <span class='ocrx_word' id='word_1_31' title='bbox 1414 1508 1482 1549; x_wconf 91' lang='lat' dir='ltr'>lo-</span> 
     </span>
     <span class='ocr_line' id='line_1_8' title="bbox 162 1579 1482 1637; baseline -0.003 -14"><span class='ocrx_word' id='word_1_32' title='bbox 162 1587 375 1637; x_wconf 87' lang='lat' dir='ltr'>quentem</span> <span class='ocrx_word' id='word_1_33' title='bbox 400 1582 528 1622; x_wconf 87' lang='lat' dir='ltr'>audit</span> <span class='ocrx_word' id='word_1_34' title='bbox 554 1586 599 1623; x_wconf 90' lang='lat' dir='ltr'>et</span> <span class='ocrx_word' id='word_1_35' title='bbox 623 1581 679 1622; x_wconf 90' lang='lat' dir='ltr'>de</span> <span class='ocrx_word' id='word_1_36' title='bbox 707 1593 787 1622; x_wconf 91' lang='lat' dir='ltr'>ore</span> <span class='ocrx_word' id='word_1_37' title='bbox 815 1582 912 1635; x_wconf 86' lang='lat' dir='ltr'>ejus</span> <span class='ocrx_word' id='word_1_38' title='bbox 940 1581 1269 1622; x_wconf 83' lang='lat' dir='ltr'>consolationis</span> <span class='ocrx_word' id='word_1_39' title='bbox 1293 1579 1482 1620; x_wconf 81' lang='lat' dir='ltr'>verbum</span> 
     </span>
     <span class='ocr_line' id='line_1_9' title="bbox 162 1650 1481 1706; baseline -0.003 -12"><span class='ocrx_word' id='word_1_40' title='bbox 162 1654 341 1706; x_wconf 84' lang='lat' dir='ltr'>accipit.</span> <span class='ocrx_word' id='word_1_41' title='bbox 400 1653 576 1693; x_wconf 88' lang='lat' dir='ltr'>Beatae</span> <span class='ocrx_word' id='word_1_42' title='bbox 610 1664 766 1702; x_wconf 84' lang='lat' dir='ltr'>aureS,</span> <span class='ocrx_word' id='word_1_43' title='bbox 816 1664 933 1705; x_wconf 90' lang='lat' dir='ltr'>quae</span> <span class='ocrx_word' id='word_1_44' title='bbox 963 1663 1103 1692; x_wconf 87' lang='lat' dir='ltr'>venas</span> <span class='ocrx_word' id='word_1_45' title='bbox 1136 1651 1276 1691; x_wconf 85' lang='lat' dir='ltr'>divini</span> <span class='ocrx_word' id='word_1_46' title='bbox 1307 1650 1481 1691; x_wconf 82' lang='lat' dir='ltr'>susurri</span> 
     </span>
     <span class='ocr_line' id='line_1_10' title="bbox 160 1718 1481 1777; baseline -0.005 -12"><span class='ocrx_word' id='word_1_47' title='bbox 160 1724 411 1777; x_wconf 82' lang='lat' dir='ltr'>suscipiunt</span> <span class='ocrx_word' id='word_1_48' title='bbox 442 1727 488 1763; x_wconf 87' lang='lat' dir='ltr'>et</span> <span class='ocrx_word' id='word_1_49' title='bbox 519 1722 575 1761; x_wconf 85' lang='lat' dir='ltr'>de</span> <span class='ocrx_word' id='word_1_50' title='bbox 607 1720 764 1761; x_wconf 90' lang='lat' dir='ltr'>mundi</span> <span class='ocrx_word' id='word_1_51' title='bbox 794 1719 928 1776; x_wconf 88' lang='lat' dir='ltr'>hujus</span> <span class='ocrx_word' id='word_1_52' title='bbox 953 1721 1341 1762; x_wconf 77' lang='lat' dir='ltr'>susurrationibus</span> <span class='ocrx_word' id='word_1_53' title='bbox 1366 1718 1481 1759; x_wconf 91' lang='lat' dir='ltr'>nihil</span> 
     </span>
     <span class='ocr_line' id='line_1_11' title="bbox 161 1791 1479 1845; baseline -0.003 -12"><span class='ocrx_word' id='word_1_54' title='bbox 161 1793 415 1833; x_wconf 85' lang='lat' dir='ltr'>advertunt.</span> <span class='ocrx_word' id='word_1_55' title='bbox 483 1792 658 1832; x_wconf 89' lang='lat' dir='ltr'>Beatae</span> <span class='ocrx_word' id='word_1_56' title='bbox 690 1791 826 1845; x_wconf 90' lang='lat' dir='ltr'>plane</span> <span class='ocrx_word' id='word_1_57' title='bbox 859 1803 1015 1841; x_wconf 85' lang='lat' dir='ltr'>aures,</span> <span class='ocrx_word' id='word_1_58' title='bbox 1051 1803 1166 1845; x_wconf 85' lang='lat' dir='ltr'>quae</span> <span class='ocrx_word' id='word_1_59' title='bbox 1198 1804 1288 1831; x_wconf 90' lang='lat' dir='ltr'>non</span> <span class='ocrx_word' id='word_1_60' title='bbox 1319 1802 1479 1830; x_wconf 86' lang='lat' dir='ltr'>vocem</span> 
     </span>
     <span class='ocr_line' id='line_1_12' title="bbox 160 1859 1479 1911; baseline -0.004 -7"><span class='ocrx_word' id='word_1_61' title='bbox 160 1863 276 1904; x_wconf 84' lang='lat' dir='ltr'>foris</span> <span class='ocrx_word' id='word_1_62' title='bbox 302 1866 561 1911; x_wconf 91' lang='lat' dir='ltr'>sonantem,</span> <span class='ocrx_word' id='word_1_63' title='bbox 595 1861 678 1902; x_wconf 88' lang='lat' dir='ltr'>sed</span> <span class='ocrx_word' id='word_1_64' title='bbox 700 1862 821 1902; x_wconf 88' lang='lat' dir='ltr'>intus</span> <span class='ocrx_word' id='word_1_65' title='bbox 855 1861 1113 1903; x_wconf 81' lang='lat' dir='ltr'>auscultant</span> <span class='ocrx_word' id='word_1_66' title='bbox 1136 1862 1376 1901; x_wconf 87' lang='lat' dir='ltr'>veritatem</span> <span class='ocrx_word' id='word_1_67' title='bbox 1401 1859 1479 1899; x_wconf 88' lang='lat' dir='ltr'>do-</span> 
     </span>
     <span class='ocr_line' id='line_1_13' title="bbox 164 1930 1480 1985; baseline -0.004 -11"><span class='ocrx_word' id='word_1_68' title='bbox 164 1938 353 1974; x_wconf 84' lang='lat' dir='ltr'>centem.</span> <span class='ocrx_word' id='word_1_69' title='bbox 436 1932 566 1973; x_wconf 84' lang='lat' dir='ltr'>Beati</span> <span class='ocrx_word' id='word_1_70' title='bbox 616 1932 738 1972; x_wconf 81' lang='lat' dir='ltr'>oculi</span> <span class='ocrx_word' id='word_1_71' title='bbox 754 1961 766 1982; x_wconf 92' lang='lat'>,</span> <span class='ocrx_word' id='word_1_72' title='bbox 831 1931 908 1985; x_wconf 86' lang='lat' dir='ltr'>qui</span> <span class='ocrx_word' id='word_1_73' title='bbox 962 1931 1265 1972; x_wconf 85' lang='lat' dir='ltr'>exterioribus</span> <span class='ocrx_word' id='word_1_74' title='bbox 1322 1930 1480 1979; x_wconf 90' lang='lat' dir='ltr'>clausi,</span> 
     </span>
     <span class='ocr_line' id='line_1_14' title="bbox 162 1999 1483 2052; baseline -0.004 -10"><span class='ocrx_word' id='word_1_75' title='bbox 162 2002 458 2043; x_wconf 83' lang='lat' dir='ltr'>interioribus</span> <span class='ocrx_word' id='word_1_76' title='bbox 499 2006 651 2042; x_wconf 83' lang='lat' dir='ltr'>autem</span> <span class='ocrx_word' id='word_1_77' title='bbox 690 2005 795 2042; x_wconf 88' lang='lat' dir='ltr'>sunt</span> <span class='ocrx_word' id='word_1_78' title='bbox 838 2001 1014 2041; x_wconf 86' lang='lat' dir='ltr'>intenti.</span> <span class='ocrx_word' id='word_1_79' title='bbox 1089 2000 1246 2049; x_wconf 81' lang='lat' dir='ltr'>Beati,</span> <span class='ocrx_word' id='word_1_80' title='bbox 1296 1999 1373 2052; x_wconf 87' lang='lat' dir='ltr'>qui</span> <span class='ocrx_word' id='word_1_81' title='bbox 1417 1999 1483 2038; x_wconf 87' lang='lat' dir='ltr'>in·</span> 
     </span>
     <span class='ocr_line' id='line_1_15' title="bbox 164 2069 1485 2125; baseline -0.004 -12"><span class='ocrx_word' id='word_1_82' title='bbox 164 2080 296 2113; x_wconf 87' lang='lat' dir='ltr'>terna</span> <span class='ocrx_word' id='word_1_83' title='bbox 335 2076 577 2125; x_wconf 88' lang='lat' dir='ltr'>penetrant</span> <span class='ocrx_word' id='word_1_84' title='bbox 617 2076 663 2113; x_wconf 87' lang='lat' dir='ltr'>et</span> <span class='ocrx_word' id='word_1_85' title='bbox 701 2070 759 2111; x_wconf 86' lang='lat' dir='ltr'>ad</span> <span class='ocrx_word' id='word_1_86' title='bbox 798 2070 1019 2124; x_wconf 84' lang='lat' dir='ltr'>capienda</span> <span class='ocrx_word' id='word_1_87' title='bbox 1059 2082 1226 2111; x_wconf 88' lang='lat' dir='ltr'>arcana</span> <span class='ocrx_word' id='word_1_88' title='bbox 1264 2069 1485 2109; x_wconf 85' lang='lat' dir='ltr'>eoelestia</span> 
     </span>
     <span class='ocr_line' id='line_1_16' title="bbox 165 2138 1487 2196; baseline -0.003 -14"><span class='ocrx_word' id='word_1_89' title='bbox 165 2143 312 2196; x_wconf 84' lang='lat' dir='ltr'>magis</span> <span class='ocrx_word' id='word_1_90' title='bbox 338 2155 393 2182; x_wconf 89' lang='lat' dir='ltr'>ac</span> <span class='ocrx_word' id='word_1_91' title='bbox 415 2143 562 2196; x_wconf 83' lang='lat' dir='ltr'>magis</span> <span class='ocrx_word' id='word_1_92' title='bbox 586 2154 670 2195; x_wconf 89' lang='lat' dir='ltr'>per</span> <span class='ocrx_word' id='word_1_93' title='bbox 691 2141 959 2195; x_wconf 89' lang='lat' dir='ltr'>quotidiana</span> <span class='ocrx_word' id='word_1_94' title='bbox 984 2141 1204 2182; x_wconf 82' lang='lat' dir='ltr'>exercitia</span> <span class='ocrx_word' id='word_1_95' title='bbox 1228 2152 1277 2180; x_wconf 86' lang='lat' dir='ltr'>se</span> <span class='ocrx_word' id='word_1_96' title='bbox 1303 2138 1487 2179; x_wconf 84' lang='lat' dir='ltr'>student</span> 
     </span>
    </p>
   </div>
   <div class='ocr_carea' id='block_1_6' title="bbox 262 2279 692 2326">
    <p class='ocr_par' dir='ltr' id='par_1_6' title="bbox 262 2279 692 2326">
     <span class='ocr_line' id='line_1_17' title="bbox 262 2279 692 2326; baseline -0.002 -12"><span class='ocrx_word' id='word_1_97' title='bbox 262 2285 292 2314; x_wconf 82' lang='lat'>1.</span> <span class='ocrx_word' id='word_1_98' title='bbox 321 2279 461 2314; x_wconf 80' lang='lat' dir='ltr'>Psalm.</span> <span class='ocrx_word' id='word_1_99' title='bbox 483 2284 527 2314; x_wconf 81' lang='lat'>84</span> <span class='ocrx_word' id='word_1_100' title='bbox 546 2281 640 2326; x_wconf 88' lang='lat'>(85),</span> <span class='ocrx_word' id='word_1_101' title='bbox 659 2284 692 2315; x_wconf 88' lang='lat'>8.</span> 
     </span>
    </p>
   </div>
  </div>
 </body>
</html>
