1530 2517
325 105 588 143 CHRISTI
644 106 755 142 LIB.
786 105 856 141 111.
889 105 1010 141 CAP.
1043 104 1081 139 7.
1318 100 1371 141 95

41 204 263 259 pristinae
289 203 475 257 inopiae
502 214 613 244 suae
642 206 688 243 et
712 201 828 242 casti
851 200 1031 242 timoris
1056 199 1268 250 Domini,
1296 200 1373 253 qui

41 276 174 316 timet
204 274 403 330 gratiam
435 272 638 314 oblatam
670 272 896 313 amittere.
956 270 1055 313 Nec
1087 270 1226 312 etiam
1259 270 1373 310 satis

42 346 248 386 virtuose
274 344 416 398 sapit,
444 343 521 397 qui
543 346 752 396 tempore
779 340 1072 382 adversitatis
1092 345 1138 381 et
1154 340 1374 394 cujusque

45 414 286 470 gravitatis
309 414 443 454 nimis
462 413 708 468 desperate
733 424 783 453 se
801 412 923 466 gerit
948 416 995 452 et
1015 411 1163 451 minus
1182 409 1378 451 fidenter

46 485 102 528 de
119 498 207 536 me,
227 497 363 539 quam
381 488 579 539 oportet,
596 483 829 537 recogitat
846 495 900 523 ac
917 482 1070 523 sentit.

131 555 172 596 4.
207 555 295 605 Qui
313 559 521 609 tempore
538 554 665 608 pacis
682 553 817 594 nimis
835 565 1024 595 securus
1043 563 1146 593 esse
1162 551 1377 601 voluerit,

47 637 187 680 saepe
212 629 420 679 tempore
445 624 557 666 belli
581 624 716 665 nimis
742 623 947 678 dejectus
973 627 1018 664 et
1042 621 1378 664 formidolosus

46 696 321 751 reperietur.
382 694 433 737 Si
456 695 599 736 scires
625 706 808 748 semper
828 691 1013 734 humilis
1040 697 1086 734 et
1106 692 1315 734 modicus
1331 693 1380 732 in

47 772 95 809 te
112 778 399 821 permanere,
416 777 503 806 nec
517 776 609 806 non
627 764 837 819 spiritum
852 767 981 804 tuum
998 764 1116 805 bene
1134 762 1378 804 moderare

50 842 97 879 et
110 849 300 892 regere,
324 849 417 877 non
432 835 663 877 incideres
680 839 774 876 tam
791 835 883 876 cito
901 835 949 875 in
965 834 1221 889 periculum
1247 837 1293 875 et
1311 832 1379 874 of-

49 907 242 950 fensam.
305 905 558 948 Consilium
581 905 753 947 bonum
779 908 871 956 est,
904 909 956 946 ut
986 903 1184 946 fervoris
1216 903 1380 958 spiritu

51 981 272 1032 concepto
290 976 551 1028 mediteris,
579 975 689 1032 quid
704 975 907 1018 futurum
933 976 993 1016 sit
1018 974 1296 1017 abscedente
1313 974 1380 1014 lu-

50 1049 186 1090 mine.
248 1046 384 1099 Quod
402 1046 508 1088 dum
526 1046 796 1102 contigerit,
819 1046 1053 1100 recogita,
1081 1050 1128 1087 et
1144 1044 1294 1086 denuo
1314 1044 1380 1084 lu-

53 1131 151 1160 cem
167 1130 305 1172 posse
320 1118 507 1169 reverti,
521 1129 656 1173 quam
674 1116 733 1158 ad
753 1116 980 1159 cautelam
995 1116 1095 1167 tibi,
1105 1114 1217 1156 mihi
1230 1119 1381 1156 autem

53 1188 111 1229 ad
127 1188 326 1243 gloriam
341 1187 401 1229 ad
415 1192 595 1242 tempus
612 1187 833 1229 subtraxi.

136 1259 177 1299 5.
209 1258 380 1300 Utilior
397 1263 468 1300 est
482 1269 623 1313 saepe
632 1258 740 1299 talis
749 1257 980 1312 probatio,
994 1267 1129 1312 quam
1147 1255 1186 1296 si
1202 1267 1385 1309 semper

53 1341 279 1383 prospera
309 1341 392 1383 pro
424 1333 507 1370 tua
537 1326 735 1369 haberes
758 1328 1011 1370 voluntate.
1070 1325 1188 1368 Nam
1218 1325 1385 1367 merita

55 1412 148 1440 non
165 1403 270 1441 sunt
293 1410 350 1441 ex
365 1397 456 1440 hoc
479 1397 807 1450 existimanda,
833 1398 874 1440 si
892 1398 992 1453 quis
1008 1396 1164 1452 plures
1184 1396 1384 1437 visiones

57 1474 136 1511 aut
160 1469 504 1511 consolationes
529 1467 722 1520 habeat,
747 1469 823 1510 vel
847 1468 887 1510 si
910 1468 1085 1522 peritus
1111 1467 1172 1508 sit
1193 1466 1241 1507 in
1274 1467 1384 1507 scri-

55 1540 201 1595 pturis
219 1544 299 1580 aut
314 1540 361 1580 in
379 1540 535 1580 altiori
550 1544 749 1594 ponatur
765 1538 935 1593 gradu3
962 1538 1044 1579 sed
1061 1539 1102 1579 si
1118 1550 1229 1579 vera
1244 1536 1388 1579 fuerit

56 1610 315 1652 humilitate
346 1609 571 1651 fundatus>
599 1615 645 1651 et
675 1610 827 1650 divina
860 1609 1053 1650 caritate
1083 1607 1313 1662 repletus3
1347 1608 1387 1648 si

54 1682 146 1723 Dei
162 1679 387 1722 honorem
401 1694 515 1735 pure
542 1686 590 1723 et
609 1681 790 1735 integre
816 1691 998 1733 semper
1022 1684 1237 1734 quaerat3
1270 1680 1310 1719 si
1334 1691 1384 1718 se

54 1753 203 1805 ipsum
220 1749 335 1792 nihil
348 1756 534 1805 reputet
559 1756 605 1792 et
619 1752 665 1792 in
682 1752 877 1792 veritate
896 1749 1142 1803 despiciat,
1170 1754 1307 1803 atque
1327 1749 1383 1788 ab

55 1821 159 1861 aliis
179 1821 317 1861 etiam
334 1820 511 1875 despici
530 1826 575 1862 et
593 1819 828 1862 humiliari
843 1821 990 1875 magis
1009 1818 1230 1874 gaudeat,
1251 1829 1386 1873 quam

58 1890 290 1932 honorari.
