1530 2517
380 555 1014 622 INDEX

35 731 600 794 LIBRORUM
661 735 785 793 ΕΤ
856 734 1349 795 CAPITUM.

35 1380 128 1426 Cap.

447 1080 934 1132 LIBERI.

162 1207 493 1250 Admonitiones
525 1209 586 1250 ad
614 1208 884 1263 spiritualem
916 1208 1049 1250 vitam
1081 1209 1220 1250 utiles.

222 1380 254 1415 1.

202 1501 254 1536 H.

180 1562 252 1596 111.

187 1621 255 1656 IV.

202 1682 249 1716 V.

182 1742 250 1776 VI.

163 1802 250 1837 VII.

142 1861 252 1895 VIII.

175 1921 247 1956 lx.

196 1982 248 2016 X.

172 2042 245 2078 xl.

153 2102 244 2136 XII.

47 2126 70 2202 ’ζ
131 2161 244 2196 xm.

60 2248 70 2263 ‚
138 2222 247 2257 XIV.

155 2282 246 2317 XV.

1253 1321 1346 1365 Pag-

282 1381 340 1415 De
357 1381 565 1414 imitatione
585 1379 725 1414 Christi
750 1383 787 1414 et
812 1383 998 1415 contemtu
1018 1381 1175 1414 omnium
1193 1391 1255 1414 va-

351 1441 509 1474 nitatum
527 1440 652 1474 mundi
708 1463 1254 1475 ..........
1328 1446 1346 1475 3

281 1502 339 1535 De
357 1500 486 1534 humili
505 1501 642 1534 sentire
661 1500 714 1534 sui
732 1501 852 1545 ipsius
886 1523 1254 1535 .......
1328 1507 1346 1535 5

280 1562 339 1597 De
358 1561 529 1595 doctrina
545 1561 719 1594 veritatis
771 1583 1254 1596 .........
1326 1565 1346 1595 6

280 1622 339 1656 De
356 1621 597 1666 providentia
613 1623 653 1655 in
670 1623 825 1664 agendis
887 1645 1252 1656 .......
1327 1627 1346 1656 9

276 1683 335 1716 De
352 1680 513 1716 lectione
532 1687 742 1716 sanctarum
763 1684 1033 1727 scripturarum
1066 1705 1075 1713 .
1126 1705 1133 1713 .
1186 1706 1194 1714 .
1245 1707 1253 1715 .
1305 1687 1347 1716 1⁰

278 1743 338 1777 De
354 1742 580 1776 inordinatis
598 1743 862 1777 affectionibus
882 1765 1253 1774 .......
1304 1747 1343 1777 11

277 1803 336 1837 De
351 1812 450 1836 vana
468 1814 534 1847 spe
552 1804 590 1837 et
607 1801 769 1837 elatione
788 1802 966 1845 fugienda
1004 1826 1252 1837 .....
1304 1807 1345 1837 12

279 1863 336 1896 De
356 1863 521 1896 cavenda
537 1863 653 1896 nimia
669 1862 928 1897 familiaritate
944 1886 1250 1894 ......
1304 1866 1342 1896 13

274 1922 332 1956 De
350 1923 566 1956 obedientia
584 1926 622 1957 et
639 1923 869 1965 subjectione
881 1946 1249 1956 .......
1302 1927 1344 1956 14

275 1983 334 2017 De
352 1983 516 2016 cavenda
533 1985 793 2028 superfluitate
809 1984 1004 2018 verborum
1062 2009 1070 2017 .
1120 2009 1128 2017 .
1179 2006 1188 2015 .
1240 2006 1248 2015 .
1301 1988 1341 2018 15

273 2043 331 2077 De
348 2053 442 2088 pace
460 2045 687 2088 acquirenda
705 2047 742 2077 et
760 2043 839 2077 zelo
857 2045 1078 2088 proficiendi
1120 2067 1129 2077 .
1180 2071 1188 2079 .
1239 2067 1247 2075 .
1300 2048 1341 2077 16

272 2103 331 2137 De
347 2101 515 2138 utilitate
532 2104 773 2138 adversitatis
821 2128 1248 2138 ........
1300 2107 1341 2137 18

273 2163 330 2196 De
347 2164 617 2198 tentationibus
634 2165 856 2199 resistendis
882 2188 1245 2198 .......
1299 2167 1339 2197 19

273 2223 332 2257 De
349 2223 548 2258 temerario
562 2223 704 2267 judicio
722 2225 876 2259 vitando
943 2247 1247 2259 ......
1297 2226 1341 2256 22

274 2284 331 2318 De
350 2284 527 2329 operibus
544 2296 594 2318 ex
613 2286 770 2319 caritate
788 2286 903 2319 factis
938 2307 1246 2316 ......
1297 2287 1339 2317 23
