1530 2517
272 97 535 135 CHRISTI
593 99 702 134 LIB.
734 98 804 133 111.
839 97 961 133 CAP.
994 97 1032 131 8.
1052 97 1089 132 9.
1287 93 1339 133 97

15 191 129 233 facis
147 205 324 233 mecum
349 205 488 247 supra
512 194 724 234 meritum
750 205 906 244 omne,
935 196 980 234 et
996 203 1134 246 supra
1150 191 1198 232 id
1216 191 1339 246 quod

15 261 164 303 audeo
183 274 371 316 sperare
388 262 462 304 vel
476 275 661 317 rogare.

68 331 108 372 4.
141 332 419 373 Benedictus
452 334 540 384 sis,
573 334 701 375 Deus
741 345 894 384 meus,
937 333 1066 388 quia,
1107 332 1218 373 licet
1250 343 1337 386 ego

14 401 225 443 omnibus
249 402 383 443 bonis
409 403 494 444 sim
518 403 757 458 indignus,
782 409 864 444 tua
879 407 1033 444 tamen
1057 403 1276 444 nobilitas
1295 409 1340 444 et

13 472 190 512 infinita
219 471 403 513 bonitas
443 486 674 528 nunquam
709 480 861 515 cessat
889 472 1165 515 benefacere
1200 474 1338 514 etiam

11 542 206 596 ingratis
233 547 280 583 et
302 542 441 597 longe
469 555 497 583 a
520 549 566 585 te
594 545 782 585 aversis.
844 545 1070 587 Converte
1089 557 1172 586 nos
1200 544 1257 585 ad
1274 549 1336 595 te,

13 615 63 652 ut
79 612 218 654 simus
237 613 380 667 grati,
407 611 602 655 humiles
630 619 676 656 et
693 615 870 668 devoti,
899 617 1005 671 quia
1030 615 1154 658 salus
1179 620 1339 656 nostra

13 689 61 722 tu
80 695 143 733 es,
162 683 305 724 virtus
324 688 370 725 et
386 682 609 727 fortitudo
630 691 800 728 nostra.

462 1123 725 1173 CAPUT
787 1127 890 1172 IX.

63 1234 194 1286 Quod
224 1238 371 1280 omnia
403 1241 463 1281 ad
492 1239 652 1291 Deum,
685 1241 800 1283 sicat
833 1243 892 1284 ad
913 1242 1052 1298 finem
1083 1242 1296 1293 ultimum,

485 1319 588 1353 sunt
619 1311 866 1368 referenda.

99 1455 139 1494 1.
171 1438 295 1507 Fili,
316 1469 403 1511 ego
425 1457 571 1500 debeo
593 1473 693 1500 esse
713 1461 813 1501 finis
831 1466 936 1502 tuus
956 1474 1194 1514 supremus
1214 1466 1259 1502 et
1274 1461 1340 1501 ul-

16 1527 226 1580 timatus,
252 1530 292 1571 si
315 1542 424 1571 vere
451 1530 690 1573 desideras
724 1545 827 1573 esse
850 1532 1029 1573 beatus.
1072 1531 1144 1571 Ex
1168 1529 1254 1571 hac
1276 1531 1343 1570 in-

17 1598 222 1640 tentione
253 1600 570 1653 purificabitur
602 1600 795 1643 affectus
826 1607 955 1653 tuus,
985 1601 1169 1654 saepius
1202 1600 1260 1641 ad
1292 1613 1341 1641 se

19 1667 164 1720 ipsum
190 1673 236 1710 et
260 1670 318 1710 ad
344 1675 578 1713 creaturas
604 1672 724 1713 male
749 1673 1026 1713 incurvatus.
1087 1670 1204 1713 Nam
1231 1671 1271 1711 si
1294 1675 1340 1712 te

16 1737 162 1790 ipsum
179 1739 226 1779 in
245 1739 399 1795 aliquo
419 1743 617 1796 quaeris,
629 1743 784 1783 statim
800 1743 846 1783 in
856 1747 902 1784 te
914 1742 1070 1783 deficis
1090 1746 1136 1782 et
1152 1742 1340 1783 arescis.

18 1807 181 1849 Omnia
214 1822 324 1864 ergo
359 1810 418 1851 ad
447 1824 520 1852 me
544 1812 861 1866 principaliter
883 1812 1087 1862 referas,
1119 1811 1225 1865 quia
1251 1823 1337 1865 ego

17 1891 131 1930 sum,
152 1880 229 1934 qui
247 1881 401 1921 onmia
418 1880 539 1922 dedi.
600 1881 676 1925 Sic
692 1883 874 1938 singula
891 1882 1134 1924 considera
1150 1882 1269 1922 sicut
1284 1892 1339 1921 ex

16 1961 192 1990 summo
210 1950 332 1991 bono
350 1953 605 2004 manantia3
634 1957 681 1994 et
702 1952 808 1994 ideo
837 1953 896 1994 ad
919 1966 1014 2004 me,
1041 1959 1256 2008 tanquam
1282 1950 1339 1990 ad

15 2030 146 2059 suam
164 2020 404 2075 originem,
424 2026 588 2063 cuncta
603 2027 708 2064 sunt
720 2022 999 2065 reducenda.

98 2090 138 2129 2.
170 2090 241 2131 Ex
270 2103 343 2132 me
375 2091 567 2145 pusillus
601 2097 648 2134 et
676 2105 893 2148 magnus,
926 2105 1101 2147 pauper
1126 2097 1171 2135 et
1197 2092 1339 2140 dives,

15 2163 232 2213 tanquam
251 2173 306 2201 ex
324 2160 452 2202 fonte
468 2162 588 2213 vivo,
609 2174 773 2217 aquam
793 2163 939 2203 vivam
956 2162 1183 2213 hauriunt,
1205 2167 1250 2202 et
1267 2162 1343 2215 qui

19 2227 127 2270 mihi
145 2236 307 2284 sponte
334 2236 380 2274 et
396 2231 541 2272 libere
562 2231 846 2285 deserviunt,
873 2234 1067 2288 gratiam
1085 2246 1167 2287 pro
1194 2232 1344 2286 gratia

962 2303 997 2342 G
