1530 2517
302 126 565 164 CHRISTI
621 126 733 162 Lm.
766 127 836 163 111.
871 127 993 162 CAP.
1029 126 1149 162 9.10.
1337 120 1389 161 99

59 225 135 278 qui
161 223 302 264 estin
327 222 528 264 excelso.
590 223 627 263 O
662 234 819 277 quam
851 233 1050 276 magna
1080 220 1385 261 multitudo

58 293 390 335 dulcedinis.
429 297 583 345 tuae,
630 292 892 343 Domine,
951 305 1107 346 quam
1156 292 1385 333 abscon-

58 363 198 421 disti
238 363 574 404 timentibus
614 362 690 404 te!
752 362 845 405 Sed
877 361 986 416 quid
1020 375 1067 403 es
1101 358 1385 402 amantibus2

56 433 165 488 quid
188 437 288 474 toto
317 433 456 474 corde
482 434 569 474 tibi
601 431 931 474 servientibus'.l
978 432 1100 474 Vere
1132 430 1383 472 ineffabilis

55 503 251 545 dulcedo
279 504 680 558 contemplationis
704 508 834 555 tuae,
862 515 996 557 quam
1019 502 1204 557 largiris
1232 514 1383 542 aman·

54 574 175 614 tibus
192 577 252 615 te.
312 574 364 615 In
380 573 469 616 hoc
484 576 681 616 maxime
708 574 950 615 ostendisti
965 572 1078 613 mihi
1095 572 1384 613 dulcedinem

57 644 263 685 caritatis
279 648 402 696 tuae,
422 646 529 699 quia
547 659 649 686 cum
665 658 756 686 non
775 658 938 695 essem,
950 644 1104 685 fecisti
1120 656 1207 694 me,
1221 649 1266 683 et
1284 655 1384 683 cum

57 726 260 755 errarem
276 714 415 769 longe
435 728 462 755 a
477 720 540 766 te,
556 715 783 757 reduxisti
798 727 892 765 me,
910 718 961 754 ut
978 715 1197 756 servirem
1213 713 1295 754 tibi
1308 743 1318 763 ‚
1340 716 1385 753 et

53 785 346 838 praecepisti,
364 790 416 826 ut
432 785 622 840 diligam
639 791 700 827 te.

140 856 181 894 2.
215 856 252 896 Ο
285 854 391 896 fons
425 858 597 897 amoris
627 856 863 910 perpetui,
898 855 1006 909 quid
1040 854 1189 895 dicam
1222 853 1278 894 de
1310 851 1384 893 te‘}

58 924 301 974 Quomodo
329 930 492 979 potero
519 927 587 967 tui
614 927 845 976 oblivisci,
874 926 951 980 qui
974 926 1068 966 mei
1094 925 1305 979 dignatus
1336 936 1384 964 es

54 994 317 1045 recordari,
354 997 492 1036 etiam
515 1002 762 1052 postquam
788 996 1004 1037 contabui
1030 1001 1076 1037 et
1098 993 1242 1049 perii'.l
1300 994 1385 1035 Fe-

58 1066 162 1107 cisti
191 1065 314 1106 ultra
347 1079 527 1108 omnem
559 1080 609 1121 sp
617 1081 688 1109 em
718 1066 1085 1108 misericordiam
1120 1078 1220 1110 cum
1252 1077 1384 1106 servo

57 1142 154 1188 tuo,
183 1141 229 1177 et
243 1137 367 1178 ultra
385 1150 518 1179 omne
535 1139 748 1179 meritum
765 1139 963 1193 gratiam
983 1142 1030 1179 et
1047 1136 1296 1177 amicitiam
1315 1146 1388 1175 ex-

57 1205 261 1249 hibuisti.
324 1208 443 1259 Quid
467 1209 720 1250 retribuam
744 1210 830 1250 tibi
853 1222 937 1263 pro
964 1209 1117 1263 gratia
1139 1204 1257 1247 ista?
1296 1218 1389 1245 non

59 1278 180 1318 enim
198 1279 407 1320 omnibus
425 1278 581 1320 datum
600 1283 683 1330 est,
694 1285 745 1320 ut
761 1280 968 1320 omnibus
988 1278 1213 1320 abdicatis
1231 1289 1388 1318 saecu-

57 1346 104 1388 lo
122 1349 394 1390 renuncient
411 1354 457 1390 et
473 1351 776 1390 monasticam
794 1351 934 1390 vitam
953 1353 1202 1391 assumant.
1249 1348 1390 1389 Num-

59 1417 168 1472 quid
183 1431 399 1473 magnum
419 1425 502 1471 est,
519 1425 571 1460 ut
586 1421 671 1461 tibi
688 1421 900 1471 serviam,
921 1421 994 1461 cui
1013 1420 1159 1461 omnis
1179 1423 1391 1460 creatura

57 1489 232 1531 servire
266 1488 474 1531 tenetur}
529 1490 634 1531 Non
665 1503 882 1545 magnum
912 1489 1026 1531 mihi
1055 1489 1204 1530 videri
1235 1489 1387 1538 debet,

57 1559 233 1601 servire
257 1560 365 1611 tibi,
391 1560 475 1602 sed
499 1559 589 1601 hoc
604 1562 758 1614 potius
783 1573 1001 1615 magnum
1024 1559 1137 1601 mihi
1162 1564 1207 1601 et
1222 1560 1388 1600 miran-

58 1628 165 1670 dum
182 1635 389 1684 apparet,
403 1630 526 1686 quod
543 1635 634 1671 tam
653 1637 903 1685 pauperem
923 1636 968 1672 et
982 1631 1220 1685 indignum
1231 1629 1388 1684 digna-

52 1700 118 1741 ris
135 1701 183 1741 in
199 1714 382 1743 servum
396 1702 606 1755 recipere
632 1707 678 1743 et
695 1702 875 1743 dilectis
894 1702 1038 1743 servis
1055 1703 1146 1742 tuis
1166 1701 1384 1741 adunare.

139 1779 179 1820 3.
212 1780 333 1821 Ecce
352 1780 506 1821 omnia
522 1785 603 1820 tua
620 1784 744 1830 sunt,
766 1792 884 1834 quae
901 1779 1051 1821 habeo
1062 1810 1075 1831 ,
1105 1785 1151 1821 et
1166 1779 1286 1820 unde
1302 1779 1387 1820 tibi

54 1851 222 1891 servio.
281 1851 609 1893 Verumtamen
627 1851 726 1891 vice
744 1863 902 1901 versa,
926 1855 978 1890 tu
993 1851 1145 1905 magis
1162 1849 1274 1890 mihi
1292 1863 1385 1890 ser-

54 1920 145 1970 vis,
174 1933 308 1974 quam
335 1934 422 1975 ego
449 1922 547 1962 tibi.
606 1921 727 1962 Ecce
755 1921 934 1962 coelum
961 1926 1007 1963 et
1029 1926 1176 1972 terr-a,
1204 1933 1320 1975 quae
1338 1921 1386 1960 in

54 1989 356 2031 ministerium
374 1990 571 2032 hominis
591 1993 779 2042 creasti,
798 1997 985 2045 praesto
1004 1997 1123 2042 sunt,
1149 1996 1195 2033 et
1210 1991 1386 2032 faciunt

57 2060 262 2113 quotidie
289 2073 586 2116 quaecunque
610 2062 856 2103 mandasti.
915 2063 975 2102 Et
1000 2061 1090 2103 hoc
1111 2073 1272 2115 parum
1296 2065 1386 2109 est3

57 2129 164 2182 quin
183 2131 320 2170 etiam
336 2132 539 2186 Angelos
555 2133 601 2172 in
610 2133 912 2173 ministerium
931 2131 1128 2173 hominis
1149 2130 1384 2171 ordinasti.

152 2270 185 2302 1.
211 2267 353 2303 Psalm.
371 2273 427 2311 30,
447 2274 492 2305 24
510 2273 583 2316 (31,
601 2274 683 2317 20).

959 2333 997 2374 G
1016 2335 1040 2373 2
