1530 2517
289 99 551 137 CHRISTI
607 100 718 136 LIB.
750 101 818 136 111.
853 102 975 139 CAP.
1010 104 1073 138 58.
1106 104 1172 140 59.
1300 101 1379 142 195

57 195 320 237 Minimus
354 196 464 238 erit
492 196 547 237 in
578 196 756 248 mille,
785 201 838 239 et
860 201 1132 251 peccator
1161 203 1379 240 centum

59 278 327 307 annorum
351 267 491 308 mori
505 271 640 308 etur.
686 268 798 309 Cum
817 269 935 309 enim
954 274 1229 323 quaererent
1246 269 1378 312 disci-

56 336 167 390 puli,
187 338 287 392 quis
304 338 454 392 maj0r
471 341 594 379 esset
608 337 654 378 in
669 350 814 393 regno
834 338 1085 391 coelorum,
1110 339 1203 382 tale
1223 340 1377 382 audie-

55 411 162 447 runt
196 419 497 461 responsum:
551 406 675 449 Nisi
723 409 989 451 conversi
1033 407 1269 452 fueritis
1325 417 1380 453 et

58 476 405 519 efficiamini
445 478 595 519 sicut
631 478 880 532 parvuli,
926 492 1034 521 non
1080 481 1378 523 intrabitis

54 548 109 587 in
139 559 370 602 regnum
402 548 706 590 coelorum.
769 548 1098 605 Quicunque
1129 563 1264 607 ergo
1290 550 1377 593 hu-

53 617 372 660 miliaverit
402 631 484 670 se,
518 619 668 661 sicut
696 619 966 674 parvulus
997 621 1130 673 iste,
1155 620 1245 664 hic
1275 635 1377 664 ma-

50 689 144 742 jor
176 692 262 730 est
291 689 347 729 in
376 701 553 744 regno
588 689 890 732 coelorum.

139 760 208 800 10.
238 758 338 801 Vae
357 759 439 811 eis,
454 760 531 815 qui
549 773 649 801 cum
665 761 867 814 parvulis
885 760 1127 805 humiliare
1145 776 1195 805 se
1213 776 1376 818 sponte

55 828 383 883 dedignantur,
411 831 626 884 quoniam
649 829 831 873 humilis
844 832 988 886 janua
1009 834 1144 888 regni
1161 835 1375 877 coelestis

55 911 137 941 eos
155 912 256 940 non>
272 900 482 941 admittet
505 901 693 943 intrare.
753 902 869 945 Vae
903 903 1041 944 etiam
1073 902 1374 957 divitibus,

53 971 147 1024 qui
192 968 403 1011 habent·
447 969 538 1013 hic
585 972 1016 1015 consolationes
1064 987 1218 1027 suas,
1267 978 1375 1031 quia

50 1040 328 1094 pauperibus
359 1041 634 1084 intrantibus
665 1044 712 1084 in
742 1055 936 1099 regnum
960 1044 1050 1086 Dei
1075 1044 1165 1098 ipsi
1189 1046 1375 1088 stabunt

50 1109 166 1152 foris
193 1111 433 1166 eiulantes.
498 1112 707 1156 Gaudete
733 1113 930 1156 humiles
957 1119 1004 1156 et
1020 1115 1246 1158 exsultate
1262 1129 1372 1172 pau-

49 1193 200 1234 peres,
212 1182 319 1236 quia
336 1187 540 1225 vestrum
556 1189 626 1225 est
640 1197 832 1239 regnum
848 1185 953 1236 Dei,
968 1186 1009 1226 si
1024 1189 1178 1227 tamen
1193 1187 1372 1230 inveri-

49 1256 146 1293 tate
166 1252 424 1294 ambulatis.

467 1638 731 1685 CAPUT
793 1639 945 1686 LIX.

148 1751 279 1804 Quod
308 1752 446 1794 omnis
477 1766 571 1808 spes
601 1760 645 1794 et
660 1751 836 1808 fiducia
866 1752 915 1795 in
944 1755 1035 1795 solo
1068 1753 1166 1797 Deo
1203 1762 1268 1798 est

596 1823 801 1879 figenda.

125 1970 165 2009 1.
196 1955 433 2021 Domine,
461 1983 578 2025 quae
605 1976 675 2012 est
698 1972 865 2013 fiducia
888 1984 1013 2022 mea,
1046 1985 1182 2027 quam·
1203 1973 1249 2012 in
1275 1971 1360 2014 hac

41 2043 133 2082 vita
150 2041 298 2084 habeo
310 2072 320 2091 ,
345 2048 423 2082 aut
440 2041 562 2096 quod
578 2042 725 2094 majus
742 2041 958 2082 solatium
976 2054 1125 2086 meum
1143 2054 1200 2084 ex
1217 2043 1358 2083 omni-

39 2112 122 2154 bus
163 2113 488 2168 apparentibus
527 2112 610 2153 sub
643 2109 803 2153 coelo‘}
861 2111 1024 2154 Nonne
1053 2117 1127 2165 tu,
1159 2114 1357 2156 Domine

129 2250 163 2283 9.
190 2249 268 2285 Jes.
286 2252 396 2291 60‚22
414 2255 451 2285 et
468 2253 589 2290 65‚2o.
617 2249 752 2283 Matth.
771 2252 825 2290 18,
842 2252 863 2284 3
881 2255 919 2285 et
935 2256 966 2285 4.
984 2272 1030 2279 -
1058 2257 1111 2288 10.
1140 2254 1228 2287 Luc.
1247 2255 1279 2293 6,
1297 2256 1354 2287 24.

928 2312 969 2353 N
992 2316 1016 2353 2
