1530 2517
277 124 539 162 CHRISTI
595 124 703 160 LIB.
734 125 764 161 Ι.
798 126 919 162 CAP.
952 126 1018 162 20.
1037 126 1102 162 21.
1297 122 1349 163 35

29 222 221 264 Dimitte
233 227 356 262 ‘vana
371 222 524 273 vanis3
549 225 599 261 tu
617 225 769 262 autem
785 221 970 262 intende
988 220 1080 261 illis
1092 251 1103 271 ‚
1132 231 1248 275 quae
1268 221 1351 260 tibi

27 293 266 346 praecepit
294 293 436 334 Deus.
498 290 671 333 Claude
704 303 842 344 super
871 295 917 332 te
952 291 1117 331 ostium
1147 295 1275 331 tuum
1307 297 1354 331 et

27 375 146 404 voca
163 362 222 403 ad
236 366 283 404 te
298 363 477 413 Jesum,
505 361 722 403 dilectum
744 365 886 402 tuum.
946 361 1084 402 Mane
1111 373 1211 401 eum
1230 372 1284 401 eo
1304 360 1350 400 in

29 433 162 485 cella,
182 433 288 488 quia
302 445 394 474 non
410 433 613 474 invenies
639 432 750 473 alibi
765 436 940 472 tantam
956 443 1132 485 pacem.
1193 429 1243 471 Si
1258 441 1350 470 non

30 504 203 545 exisses
219 516 306 544 nee
323 503 569 558 quidquam
587 502 642 544 de
657 503 918 545 rumoribus
939 501 1144 542 audisses
1157 530 1168 550 ,
1186 499 1350 540 melius

26 574 73 615 in
96 574 219 614 bona
241 585 356 627 pace
381 573 727 627 permansisses.
787 573 858 613 Ex
884 585 971 627 quo
1006 583 1127 612 nova
1153 570 1353 611 delectat

28 639 274 699 aliquando
295 643 469 696 audire,
483 648 666 698 oportet
682 648 726 685 te
746 643 908 685 exinde
925 642 1233 684 turbationem
1253 652 1351 682 cor·

30 713 99 755 dis
115 713 335 755 tolerare.

448 1097 712 1144 CAPUT
775 1097 935 1142 XXI·

373 1197 444 1240 De
484 1198 818 1253 compunctione
854 1197 1010 1239 cordis.

119 1335 160 1375 1.
195 1317 256 1376 Si
272 1334 338 1375 vis
359 1332 532 1388 aliquid
554 1333 780 1387 proficere
792 1365 803 1385 ,
832 1346 1052 1376 conserva
1068 1339 1113 1376 te
1130 1336 1176 1375 in
1193 1336 1359 1375 timore

35 1412 126 1453 Dei
145 1415 191 1453 et
205 1410 302 1451 noli
320 1422 420 1451 esse
437 1410 569 1450 nimis
587 1409 718 1459 liber,
737 1409 820 1450 sed
838 1409 920 1450 sub
939 1409 1180 1463 disciplina
1197 1409 1359 1452 cohibe

43 1494 199 1522 omnes
232 1493 393 1522 sensus
423 1483 528 1520 tuos
554 1492 640 1520 nee
669 1480 854 1533 ineptae
880 1484 925 1521 te
948 1479 1104 1520 tradas
1137 1480 1360 1521 laetitiae.

38 1552 114 1593 Da
129 1556 176 1593 te
196 1551 255 1591 ad
273 1549 425 1592 cordis
444 1550 853 1603 compunctionem,
874 1553 919 1590 et
934 1549 1138 1591 invenies
1158 1550 1363 1591 devotio-

39 1634 157 1663 nem.
219 1620 517 1674 Compunctio
543 1620 686 1660 multa
716 1620 839 1661 bona
864 1620 1033 1673 aperit,
1068 1632 1183 1674 quae
1219 1620 1363 1661 disso-

38 1691 154 1731 lutio
175 1691 264 1731 cito
282 1690 475 1744 perdere
495 1690 743 1731 consuevit.
802 1690 972 1731 Mirum
990 1695 1072 1741 est,
1086 1690 1207 1745 quod
1224 1689 1360 1732 homo

39 1765 196 1815 potest
210 1772 409 1814 unquam
425 1760 631 1814 perfecte
646 1761 694 1800 in
711 1758 800 1801 hac
814 1761 908 1800 vita
925 1760 1105 1811 laetari,
1140 1761 1217 1815 qui
1233 1774 1364 1802 suum

44 1831 230 1872 exilium
248 1836 294 1872 et
307 1836 402 1872 tam
416 1831 560 1872 multa
575 1830 781 1885 pericula
792 1831 970 1873 animae
981 1843 1091 1871 suae
1104 1831 1365 1873 considerat

44 1906 91 1943 et
106 1906 282 1955 pensat.
1119 1903 1121 1905 ’

127 1973 168 2011 2.
200 1971 397 2025 Propter
419 1971 653 2012 levitatem
680 1971 831 2012 cordis
859 1976 905 2012 et
927 1971 1256 2026 negligentiam
1289 1971 1365 2012 de-

42 2040 247 2083 fectuum
263 2046 525 2083 nostrorum
540 2054 633 2082 non
649 2042 867 2082 sentimus
887 2042 1065 2083 animae
1082 2046 1268 2083 nostrae
1287 2041 1365 2081 do-

43 2112 192 2163 lores3
218 2112 301 2154 sed
318 2125 457 2166 saepe
473 2125 589 2153 vane
605 2111 830 2162 ridemus,
858 2111 1038 2165 quando
1064 2113 1227 2153 merito
1254 2110 1365 2152 flere

47 2182 332 2224 deberemus.
391 2182 496 2223 Non
514 2187 584 2223 est
599 2195 708 2224 vera
732 2182 920 2224 libertas
937 2195 1024 2223 nec
1037 2182 1159 2223 bona
1175 2180 1367 2229 laetitia,

48 2254 136 2294 nisi
151 2254 198 2294 in
213 2254 379 2296 timore
396 2254 486 2294 Dei
513 2266 613 2294 cum
628 2254 751 2295 bona
769 2253 1061 2294 conscientia.
1119 2250 1271 2301 Felix,
1292 2251 1366 2304 qui

952 2325 985 2363 C
1003 2325 1026 2362 2
