1530 2517
131 78 135 81 ⁴
175 103 257 142 200
573 102 656 138 DE
687 101 1089 139 errATloNE

176 199 268 241 Sed
286 200 385 254 quis
406 211 491 252 ego
511 211 632 249 sum,
650 198 872 249 Domine,
898 201 950 237 ut
974 196 1032 237 ad
1048 201 1094 237 te
1114 209 1405 250 praesumam
1423 209 1494 237 ac-

176 266 367 310 cedere‘}
424 269 589 318 Ecce,
640 267 789 308 coeli
836 267 1125 308 coelorum
1161 274 1216 308 te
1262 279 1369 307 non
1416 278 1494 306 ca-

173 340 355 393 piunt:
391 342 502 379 ettu
521 338 655 378 dicis:
707 336 907 379 Venite
941 337 1006 377 ad
1037 350 1117 378 me
1152 348 1352 377 omnes.

256 420 296 460 3.
331 418 452 468 Quid
484 417 571 457 sibi
603 416 700 455 vult
730 416 822 455 ista
851 415 1058 467 piissima
1091 415 1296 468 dignatio
1332 421 1377 456 et
1404 420 1497 455 tam

177 489 430 530 amicabilis
461 484 700 527 invitatio?
761 484 1002 534 Quomodo
1040 497 1177 525 ausus
1213 497 1291 525 ero
1324 485 1496 534 venire,

177 560 252 613 qui
269 557 383 598 nihil
398 558 509 598 boni
524 555 635 597 mihi
655 557 863 597 conscius
890 568 1010 606 sum,
1039 554 1159 594 unde
1176 555 1349 607 possim
1365 566 1496 607 prae-

175 626 383 669 sumere?
442 627 685 676 Quomodo
703 631 748 667 te
765 625 1053 665 introducam
1069 625 1117 663 in
1135 623 1318 664 domum
1333 635 1496 674 meam,

176 699 252 752 qui
292 698 476 751 saepius
521 695 695 737 offendi
732 695 1107 749 benignissimam
1139 693 1308 735 faciem
1345 691 1496 733 tuam?

173 770 457 809 Reverentur
475 766 637 820 Angeli
664 770 709 806 et
724 764 1022 819 Archangeli,
1047 769 1256 805 metuunt
1279 763 1426 804 sancti
1454 767 1499 803 et

170 838 304 892 justi3
339 843 385 879 et
406 842 458 877 tu
484 837 619 877 dicis:
669 836 870 878 Venite
913 834 980 874 ad
1009 846 1089 874 me
1123 832 1338 874 omnes‘ss
1397 833 1498 874 Nisi

173 915 237 958 tu,
255 908 470 956 Domine,
489 905 578 947 hoc
595 906 797 956 diceres,
826 906 925 959 quis
950 917 1108 945 verum
1134 917 1236 945 esse
1262 902 1515 945 crederet?

176 978 234 1018 Et
249 978 338 1017 nisi
352 981 403 1016 tu
416 977 618 1029 juberes,
640 977 740 1030 quis
759 975 982 1016 accedere
1001 972 1277 1015 attentaretit

259 1047 299 1087 4.
331 1047 466 1097 Ecce,
484 1046 601 1096 Noe,
620 1047 690 1086 vir
702 1047 875 1099 justus,
899 1045 947 1084 in
969 1056 1103 1085 arcae
1121 1043 1302 1084 fabrica
1320 1048 1498 1084 centum

177 1118 306 1158 annis
331 1116 582 1166 laboravit,
615 1120 666 1155 ut
691 1128 791 1156 cum
815 1116 972 1168 paucis
999 1115 1276 1155 salvaretur:
1317 1120 1362 1154 et
1394 1126 1498 1168 ego,

177 1186 407 1241 quomodo
426 1180 499 1226 me
516 1188 679 1238 potero
698 1197 789 1224 una
806 1183 922 1224 hora
939 1196 1240 1238 praeparare,
1270 1188 1322 1223 ut
1344 1183 1500 1223 mundi

176 1257 506 1297 fabricatorem
538 1268 638 1296 cum
660 1255 920 1296 reverentia
946 1252 1146 1295 sumam'ss
1204 1255 1412 1307 Moyses,
1430 1252 1499 1293 fa-

177 1328 325 1367 mulus
350 1331 454 1367 tuus
478 1338 671 1379 magnus
699 1330 745 1366 et
769 1325 983 1378 specialis
1004 1325 1175 1365 amicus
1192 1329 1318 1374 tuus,
1347 1335 1500 1364 arcam

172 1410 234 1439 -ex
257 1398 394 1451 lignis
418 1396 775 1450 imputribilibus
801 1394 935 1445 fecit,
963 1408 1097 1449 quam
1128 1400 1174 1435 et
1199 1393 1497 1434 mundissimo

174 1468 358 1509 vestivit
375 1467 504 1517 auro,
522 1471 574 1506 ut
589 1466 770 1506 tabulas
788 1465 905 1518 legis
921 1465 967 1504 in
988 1478 1043 1505 ea
1058 1470 1325 1518 reponeret:
1346 1471 1392 1504 et
1410 1476 1496 1518 ego

173 1537 358 1592 putrida
377 1541 588 1578 creatura
606 1535 784 1575 audebo
802 1540 849 1575 te
869 1535 1154 1575 conditorem
1170 1535 1287 1588 legis
1307 1547 1361 1574 ac
1374 1535 1496 1574 vitae

175 1609 384 1649 datorem
399 1611 492 1647 tam
509 1605 648 1647 facile
665 1603 928 1658 suscipere&
986 1604 1228 1655 Salomon,
1257 1604 1497 1657 sapientis-

173 1680 314 1720 simus
344 1689 507 1731 regum
537 1675 703 1726 Israel,
749 1674 969 1728 templum
1000 1675 1291 1728 magnificum
1322 1679 1497 1727 septem

175 1749 305 1789 annis
329 1749 375 1787 in
393 1746 577 1787 laudem
594 1745 790 1785 nominis
808 1746 874 1785 tm·
901 1737 1179 1795 aedificavit,
1208 1749 1254 1785 et
1279 1737 1384 1785 octo
1403 1744 1496 1784 die-

171 1820 256 1860 bus
274 1818 444 1859 festum
461 1815 763 1857 dedicationis
783 1816 881 1868 ejus
900 1815 1162 1865 celebravit,
1173 1814 1299 1855 mille
1318 1812 1494 1855 hostias

175 1889 392 1944 pacificas
415 1886 602 1936 obtulit,
630 1890 675 1926 et
699 1897 851 1926 arcam
867 1884 1072 1926 foederis
1089 1885 1135 1924 in
1158 1885 1374 1937 clangore
1389 1884 1496 1924 buc-

178 1960 308 2001 cinae
336 1962 382 1998 et
401 1957 548 2010 jubilo
567 1957 614 1995 in
631 1955 782 1996 locum
800 1956 883 1996 sibi
904 1959 1229 2009 praeparatum
1245 1954 1498 1995 solenniter

176 2028 436 2071 collocavit.
486 2027 547 2067 Et
565 2038 650 2080 ego
669 2025 832 2066 infelix
849 2031 895 2066 et
910 2026 1228 2078 pauperrimus
1245 2022 1493 2073 hominum,

176 2097 406 2153 quomodo
438 2101 485 2137 te
516 2097 564 2136 in
596 2095 777 2136 domum
809 2107 959 2136 meam
988 2094 1298 2144 introducam,
1327 2094 1404 2147 qui
1420 2094 1495 2134 vix

268 2241 300 2271 2.
329 2242 346 2271 1
364 2238 456 2279 Reg.
476 2241 507 2276 8,
527 2240 583 2270 27.
