1530 2517
293 124 558 163 CHRISTI
614 126 724 161 ΙΛΒ.
755 125 824 161 ΠΙ.
859 125 980 160 ΟΑΡ.
1013 127 1078 161 46.
1098 127 1163 161 47.
1312 123 1392 164 163

445 375 707 421 CAPUT
771 377 1004 422 XLVH.

179 473 311 527 Quod
342 475 489 516 omnia
517 475 681 530 gravia
708 488 793 529 pro
829 486 1011 518 aelerna.
1046 478 1136 518 vita
1168 484 1273 517 sunt

597 547 840 588 toleranda.

137 683 177 723 1.
209 663 331 733 Fili,
350 694 441 722 non
458 686 504 723 te
522 681 739 736 frangant
754 681 962 732 labores,
991 696 1106 737 quos
1126 684 1384 726 assumsisti

49 760 241 810 propter
256 767 353 805 me,
377 766 463 794 nec
481 754 804 795 tribulationes
821 759 868 795 te
888 754 1109 809 dejiciant
1124 768 1383 811 usquequa-

52 838 162 880 que3
192 824 276 866 sed
292 836 395 865 mea
412 825 656 878 promissio
675 825 721 864 in
741 825 864 864 omni
883 831 1048 866 eventu
1064 831 1111 867 te
1127 827 1321 868 roboret
1340 833 1386 867 et

52 895 332 937 consoletur.
378 895 480 950 Ego
499 895 730 936 sufficiens
749 907 848 935 sum
867 895 926 935 acl
940 895 1227 937 reddendum
1246 909 1385 950 supra

52 979 234 1009 omnem
249 964 435 1006 moduni
453 969 499 1005 et
514 976 789 1005 mensuram.
821 964 926 1007 Non
946 965 1024 1006 diu
1041 964 1117 1007 hic
1129 966 1381 1018 laborabis,

48 1050 136 1079 nec
161 1048 344 1091 semper
368 1035 636 1091 gravaberis
665 1034 918 1076 doloribus.
978 1036 1210 1090 Exspecta
1236 1037 1381 1091 pauli-

48 1120 168 1162 sper,
183 1112 230 1149 et
244 1106 422 1148 videbis
442 1105 640 1147 celerem
656 1105 794 1146 finem
810 1106 1055 1148 malorum.
1105 1108 1275 1150 Veniet
1290 1121 1382 1149 una

46 1177 178 1230 hora,
199 1176 381 1232 quando
403 1177 602 1219 cessabit
620 1177 765 1218 omnis
782 1176 919 1218 labor
937 1182 983 1218 et
997 1178 1234 1220 tumultus.
1278 1180 1380 1220 Mo-

51 1249 204 1290 dicum
222 1252 292 1289 est
309 1251 355 1289 et
368 1248 509 1289 breve
528 1259 661 1289 omne
672 1278 685 1299 ,
712 1247 836 1302 quod
850 1248 1018 1289 transit
1035 1261 1136 1289 cum
1151 1252 1377 1303 tempore.

131 1321 172 1360 2.
204 1319 324 1374 Age,
347 1317 470 1373 quod
488 1318 608 1373 agis:
644 1318 846 1360 fideliter
861 1318 1026 1360 labora
1041 1320 1088 1359 in
1105 1319 1240 1360 vinea
1257 1331 1377 1370 mea,

47 1403 134 1446 ego
157 1402 235 1432 ero
258 1401 434 1431 merces
451 1392 546 1430 tua.
587 1388 762 1440 Scribe,
781 1389 901 1444 lege,
922 1393 1070 1440 canta,
1089 1401 1237 1443 geme,
1256 1394 1377 1441 tace,

46 1473 152 1512 ora,
179 1460 354 1502 sustine
378 1459 575 1500 viriliter
600 1460 856 1510 contraria3
890 1459 1030 1514 digna
1056 1464 1126 1500 est
1142 1458 1212 1500 his
1233 1462 1377 1501 omni·

41 1532 127 1572 bus
155 1535 201 1572 et
223 1530 476 1586 majoribus
500 1530 691 1585 praeliis
716 1531 812 1571 vita
838 1535 1041 1572 aeterna.
1100 1530 1270 1573 Veniet
1280 1543 1376 1585 ,pax

41 1603 89 1642 in
116 1601 190 1642 die
215 1612 329 1653 una,
357 1613 474 1656 quae
499 1606 611 1642 nota
637 1606 708 1643 est
722 1601 947 1652 Domino3
982 1606 1028 1642 et
1054 1602 1142 1643 erit
1164 1614 1255 1642 non
1274 1601 1372 1643 dies

43 1685 192 1727 neque
209 1683 303 1713 nox
319 1670 453 1726 hujus
474 1672 652 1714 scilicet
668 1673 889 1727 temporis
900 1702 913 1723 ,
939 1671 1023 1715 sed
1038 1672 1117 1712 lux
1132 1676 1373 1726 perpetua,

46 1743 232 1784 claritas
256 1743 457 1794 infinita,
483 1755 573 1797 pax
597 1744 730 1784 firma
755 1747 801 1784 et
821 1743 1007 1797 requies
1031 1754 1209 1783 secura.
1268 1742 1374 1785 Non

45 1814 170 1855 dices
201 1818 330 1854 tunc:
380 1813 517 1863 Quis
562 1826 642 1855 me
688 1813 971 1854 liberabit
1017 1812 1082 1854 de
1130 1825 1373 1867 corpore

43 1885 245 1925 mortis
293 1881 487 1937 hujus?
552 1883 714 1939 Neque
748 1883 990 1925 clamabis:
1044 1884 1168 1925 Heu
1212 1882 1371 1933 mihi,

44 1955 177 2009 quia
236 1954 527 1994 incolatus
589 1966 669 1995 me
685 1967 716 1994 u
733 1967 754 1994 s
813 1952 1197 2008 prolongatus
1258 1952 1370 1994 est!

44 2025 261 2079 quoniam
277 2024 658 2078 praecipitabitur
673 2036 797 2065 mors
819 2028 866 2065 et
884 2024 1010 2065 salus
1029 2024 1117 2064 erit
1131 2022 1373 2064 indefecti-

40 2107 122 2145 va,
151 2095 359 2135 anxietas
376 2093 525 2145 nulla,
539 2094 803 2149 Jucunditas
820 2095 981 2145 beata,
1005 2095 1205 2135 societas
1226 2093 1371 2134 dulcis

42 2172 87 2207 et
105 2164 289 2206 decora.

135 2280 167 2311 2.
195 2277 300 2311 Rom.
321 2280 353 2316 Ἰ,
373 2279 428 2309 24.
478 2274 622 2309 Psalm.
644 2278 710 2310 119
730 2277 847 2321 (120),
867 2280 898 2309 5.

942 2339 980 2378 L
999 2339 1022 2378 2
