1530 2517
293 141 555 179 CHRISTI
611 141 720 177 Lm.
751 140 807 177 11.
841 140 963 177 CAP.
995 141 1062 177 12.
1288 138 1341 178 77

16 237 265 280 bulationis
298 242 345 280 et
369 236 661 278 adversitatis
689 236 746 277 ob
774 249 978 278 amorem
1004 235 1340 278 conformitatis

19 308 167 349 crucis
194 305 384 358 Christi,
411 313 461 348 ut
485 320 536 348 se
561 307 658 348 sine
678 306 841 348 dolore
861 312 907 347 et
922 307 1218 348 tribulatione
1238 319 1339 347 esse

17 390 108 418 non
126 377 278 428 vellet,
292 378 506 432 quoniam
521 382 649 418 tanto
671 390 721 418 se
740 378 1046 430 acceptiorem
1057 377 1158 418 Deo
1179 376 1337 426 credit,

18 452 187 502 quanto
213 447 347 501 plura
373 453 419 489 et
440 438 668 502 *graviora
691 460 774 501 pro
810 460 864 488 eo
890 446 1097 501 perferre
1122 447 1338 500 potuerit.

15 516 120 559 Non
139 521 209 558 est
223 517 346 558 istud
362 516 559 559 hominis
576 519 733 569 virtus,
753 517 834 559 sed
851 518 1002 571 gratia
1020 516 1202 567 Christi,
1223 529 1339 570 quae

14 591 144 627 tanta
159 591 314 641 potest
338 592 384 629 et
401 589 498 643 agit
513 589 560 628 in
579 601 713 630 carne
731 587 886 642 fragili
899 618 910 638 ,
936 592 999 638 ut,
1021 587 1141 641 quod
1159 591 1340 627 natura-

15 657 122 698 liter
147 671 328 712 semper
353 657 572 700 abhorret
598 663 644 700 et
666 658 808 713 fugit,
834 656 921 699 hoc
946 656 1129 698 fervore
1155 656 1340 710 spiritus

17 728 317 783 aggrediatur
335 732 381 770 et
398 728 574 783 diligat.

100 799 140 840 9.
172 798 276 840 Non
303 804 373 840 est
397 799 644 840 secundum
670 798 900 840 hominem
930 809 1110 838 crucem
1135 801 1338 849 portare,

18 881 198 910 crucem
209 881 380 921 amare,
393 882 557 924 corpus
572 870 801 923 castigare
815 866 1338 920 etservitutisubjicere3

17 937 216 980 honores
242 938 428 993 fugere,
459 939 758 981 contumelias
784 939 981 980 libenter
1006 937 1255 987 sustinere,
1289 949 1338 977 se

14 1010 163 1064 ipsum
182 1009 418 1062 despicere
445 1015 492 1051 et
508 1009 683 1064 despici
701 1014 885 1063 optare3
919 1009 1114 1049 adversa
1131 1019 1338 1061 quaeque

18 1092 118 1121 cum
129 1079 305 1121 damnis
321 1081 501 1135 perpeti
520 1085 566 1121 et
580 1079 694 1121 nihil
709 1079 1029 1134 prosperitatis
1046 1079 1093 1119 in
1110 1077 1198 1119 hoc
1213 1091 1338 1118 mun-

18 1151 76 1191 do
95 1149 377 1192 desiderare.
438 1149 489 1193 Si
506 1150 565 1191 ad
581 1155 627 1192 te
642 1152 792 1205 ipsum
814 1150 1029 1204 respicis,
1055 1147 1169 1189 nihil
1186 1145 1339 1201 hujus-

16 1220 144 1262 modi
162 1233 217 1261 ex
232 1226 279 1262 te
296 1222 494 1274 poteris;
511 1221 594 1263 sed
611 1223 651 1262 si
666 1221 922 1263 inDomino
939 1219 1145 1269 confidis,
1158 1218 1340 1259 dabitur

16 1292 102 1333 tibi
125 1290 351 1332 fortitudo
379 1290 435 1333 de
461 1291 617 1343 coelo,
652 1296 698 1333 et
722 1291 1022 1344 subjicientur
1046 1289 1208 1331 ditioni
1231 1293 1338 1329 tuae

16 1361 209 1403 mundus
229 1365 274 1403 et
291 1373 414 1403 caro.
476 1360 568 1403 Sed
591 1374 678 1404 nec
700 1362 933 1402 inimicum
957 1360 1191 1402 diabolum
1209 1359 1339 1400 time-

15 1432 102 1482 bis,
121 1431 162 1472 si
177 1430 321 1472 fueris
339 1431 429 1473 fide
449 1436 650 1473 armatus
671 1437 717 1474 et
733 1445 866 1473 cruce
885 1429 1057 1473 Christi
1073 1431 1293 1484 signatus.

99 1503 168 1543 10.
200 1501 328 1543 Pone
360 1507 406 1543 te
441 1515 551 1556 ergo
563 1533 576 1554 ,
609 1504 728 1544 sicut
757 1503 905 1545 bonus
939 1507 984 1543 et
1007 1501 1156 1542 fidelis
1182 1513 1339 1541 servus

19 1569 212 1623 Christi,
240 1572 299 1613 ad
322 1573 596 1627 portandam
619 1574 815 1614 viriliter
842 1585 1022 1614 crucem
1046 1571 1234 1613 Domini
1257 1570 1339 1618 tui,

16 1655 101 1697 pro
119 1647 166 1684 te
185 1655 242 1685 ex
259 1655 416 1684 amore
436 1644 654 1684 crucifixi.
706 1644 945 1698 Praepara
963 1648 1007 1684 te
1026 1642 1084 1683 ad
1100 1640 1343 1683 toleranda

17 1713 163 1754 multa
195 1712 389 1755 adversa
420 1718 466 1754 et
495 1714 626 1754 varia
655 1713 948 1755 incommoda
978 1714 1026 1754 in
1056 1711 1143 1754 hac
1173 1711 1343 1752 misera

17 1785 136 1835 vita,
170 1784 279 1838 quia
302 1784 369 1824 sic
391 1788 543 1825 tecum
569 1785 677 1834 erit,
710 1785 968 1838 ubicunque
993 1782 1160 1833 fueris,
1203 1786 1249 1822 et
1274 1781 1340 1821 sic

18 1866 184 1896 revera
213 1855 440 1905 invenies,
481 1855 737 1909 ubicunque
768 1854 974 1895 latueris.
1052 1854 1248 1906 Oportet
1276 1852 1342 1890 ita

23 1937 149 1975 esse,
184 1930 230 1965 et
251 1937 343 1965 non
376 1929 446 1966 est
466 1925 721 1967 remedium
747 1923 972 1966 evadendi
997 1936 1025 1964 a
1046 1922 1341 1965 tribulatione

23 1994 250 2035 malorum
277 1999 323 2036 et
349 1994 534 2044 dolore,
572 2008 706 2050 quam
729 2000 780 2035 ut
801 1999 849 2036 te
873 1994 1080 2049 patiaris.
1142 1992 1345 2033 Calicem

23 2065 211 2106 Domini
236 2064 510 2106 affectanter
531 2066 661 2115 bibe,
688 2066 727 2106 si
752 2066 924 2106 amicus
944 2066 1043 2118 ejus
1063 2075 1164 2105 esse
1183 2067 1228 2103 et
1244 2074 1344 2114 par-

22 2143 116 2176 tem
141 2148 242 2177 cum
270 2148 326 2176 eo
354 2134 524 2176 habere
551 2135 801 2176 desideras.
864 2134 1216 2177 Consolationes
1241 2132 1342 2172 Deo

27 2206 278 2254 committe;
310 2205 454 2246 faciat
476 2207 576 2258 ipse
603 2217 703 2246 cum
726 2205 919 2255 talibus,
945 2206 1064 2245 sicut
1087 2203 1176 2243 sibi
1198 2202 1344 2254 magis

26 2276 262 2329 placuerit.
322 2277 394 2316 Tu
410 2287 520 2316 vero
537 2287 658 2329 pone
675 2279 720 2316 te
747 2274 804 2315 ad
828 2273 1140 2315 sustinendum
1159 2271 1345 2313 tribula·
