1530 2517
132 103 187 143 84
523 104 616 144 DE
648 103 1052 141 IMITATIONE

132 201 366 241 Promittit
382 199 574 240 mundus
592 199 868 252 temporalia
895 204 940 240 et
956 211 1119 252 parva,
1141 203 1186 240 et
1202 199 1398 241 servitur
1416 198 1459 240 ei

135 270 353 309 aviditate
375 281 568 323 magna3
604 281 689 323 ego
717 269 934 322 promitto
969 281 1144 309 summa
1180 274 1224 309 et
1254 273 1457 318 aeterna,

136 343 182 379 et
210 343 481 396 torpescunt¹
509 339 771 379 mortalium
804 338 958 378 corda.
1030 339 1141 387 Quis
1181 343 1310 378 tanta
1352 350 1461 379 cura

135 406 246 448 mihi
275 409 322 449 in
354 409 561 449 omnibus
595 409 736 449 servit
768 412 813 447 et
845 407 1025 458 obedit,
1065 409 1183 449 sicut
1213 408 1381 448 mundo
1418 412 1462 448 et
1511 423 1515 441 ε

137 477 331 517 dominis
366 477 463 530 ejus
489 476 713 518 servituri
779 477 926 518 Erub
941 490 964 518 e
976 491 995 518 s
1009 491 1032 519 c
1044 491 1089 528 e,
1135 477 1230 519 Sid
1242 490 1266 518 ο
1281 491 1332 528 n,
1383 478 1464 517 ait

135 559 308 597 mare,
338 552 383 587 et
400 548 437 587 si
456 560 665 588 caussam
689 547 887 601 quaeris,
909 547 1017 587 audi
1041 560 1196 601 quare.
1257 547 1348 590 Pro
1367 559 1463 587 mo-

137 617 240 657 dica
260 617 522 670 praebenda
547 618 688 672 longa
704 618 780 657 via
805 618 1022 668 curritur3
1054 630 1136 671 pro
1165 621 1352 657 aeterna
1368 617 1464 657 vita

138 699 164 725 a
181 687 334 727 multis
353 688 429 727 vix
444 700 527 741 pes
545 687 689 729 semel
707 700 733 727 a
749 693 876 728 terra
892 687 1084 728 levatur.
1144 686 1248 728 Vile
1265 687 1463 740 pretium

138 758 395 810 quaeritur3
429 770 511 811 pro
538 770 627 797 uno
656 757 928 798 numismate
953 757 1181 798 interdum
1200 757 1396 810 turpiter
1411 757 1463 796 li-

135 827 332 880 tigatur;
357 840 439 880 pro
460 839 577 867 vana
592 840 643 868 re
663 831 709 882 et
724 839 867 880 parva
883 828 1188 880 promissione
1208 826 1280 868 die
1306 831 1463 868 noctu·
1526 859 1527 878 1

137 909 224 949 que
241 895 432 951 fatigari
448 910 539 938 non
556 898 756 938 timetur.

219 966 258 1005 4.
295 966 386 1008 Sed
403 966 520 1021 proh
536 966 706 1020 pudor!
740 979 822 1021 pro
843 968 963 1007 bono
983 967 1359 1019 incommutabili,
1378 979 1461 1021 pro
1526 956 1527 960 Ἰ

133 1037 339 1088 praemio
357 1037 708 1088 inaestimabili,
734 1049 817 1091 pro
845 1050 1020 1078 summo
1041 1035 1216 1079 honore
1244 1043 1290 1079 et
1312 1037 1464 1092 gloria

133 1107 462 1148 interminabili
499 1107 573 1148 vel
612 1107 671 1147 ad
709 1106 940 1148 modicum
979 1106 1171 1161 fatigari
1200 1108 1460 1162 pigritatur.

132 1176 366 1218 Erubesce
399 1189 535 1231 ergO,
562 1189 696 1218 serve
723 1178 857 1232 piger
884 1182 930 1218 et
947 1178 1216 1231 querulose,
1245 1176 1369 1231 quod
1394 1176 1466 1217 illi

132 1248 394 1299 paratiores
418 1247 712 1288 inveniuntur
738 1246 796 1287 ad
820 1247 1150 1301 perditionem,
1172 1259 1306 1301 quam
1331 1251 1381 1287 tu
1407 1246 1464 1286 ad

132 1316 287 1356 vitam.
351 1316 566 1358 Gaudent
580 1317 651 1358 illi
668 1317 861 1371 amplius
889 1317 948 1358 ad
963 1319 1213 1358 vanitatem
1224 1348 1236 1368 ‚
1264 1329 1398 1371 quam
1414 1320 1464 1357 tu

135 1385 194 1426 ad
211 1386 467 1434 veritatem.
526 1388 753 1442 Equidem
778 1400 805 1428 a
830 1400 910 1442 spe
930 1400 1014 1428 sua
1030 1399 1353 1441 nonnunquam
1370 1385 1463 1427 fru-

132 1461 357 1507 strantur3
375 1457 459 1498 sed
474 1459 719 1511 promissio
737 1470 842 1499 mea
857 1459 1085 1499 neminem
1102 1456 1236 1507 fallit,
1254 1469 1339 1497 nec
1357 1468 1461 1497 con-

133 1525 351 1567 fidentem
367 1525 481 1567 mihi
498 1528 686 1569 dimittit
701 1529 898 1569 inanem.
948 1527 1084 1578 Quod
1099 1527 1304 1581 promisi,
1325 1527 1461 1577 dabo,

135 1596 258 1649 quod
277 1597 384 1648 dixi,
402 1598 619 1652 implebo,
639 1599 678 1639 si
693 1602 847 1639 tamen
863 1611 1008 1652 usque
1025 1598 1072 1638 in
1095 1598 1231 1638 finem
1250 1596 1397 1638 fidelis
1415 1598 1462 1637 in

134 1666 382 1708 dilectione
405 1681 509 1709 mea
527 1670 626 1723 quis
643 1669 963 1723 permanserit.
1022 1668 1122 1722 Ego
1140 1672 1462 1708 remunerator

131 1748 230 1776 sum
265 1739 466 1778 omnium
496 1739 722 1780 bonorum
761 1744 807 1780 et
837 1738 971 1780 fortis
1004 1738 1227 1792 probator
1260 1737 1459 1778 omnium

133 1805 417 1848 devotorum.

216 1877 255 1917 5.
290 1877 448 1920 Scribe
466 1880 608 1920 verba
623 1891 728 1920 mea
743 1880 789 1919 in
809 1878 948 1919 corde
965 1882 1061 1928 tuo,
1082 1882 1128 1919 et
1144 1881 1376 1930 pertracta
1394 1874 1456 1917 di-

129 1944 350 2000 figentem
370 1953 502 1989 erunt
519 1949 640 1990 enim
656 1949 702 1989 in
719 1952 839 2002 temp
847 1961 927 1989 ore
943 1948 1211 1988 tentationis
1229 1947 1363 1988 valde
1381 1960 1458 1988 ne-

132 2018 347 2074 cessaria.
411 2018 545 2068 Quod
568 2031 659 2059 non
675 2018 896 2073 intelligis
916 2031 1016 2060 oum
1034 2018 1173 2072 legis,
1202 2030 1455 2072 cognosces

123 2079 177 2124 ¹in
210 2087 283 2128 die
316 2089 607 2130 visitationis.
667 2089 927 2142 Dupliciter
955 2088 1085 2129 soleo
1122 2087 1293 2128 electos
1326 2100 1455 2129 meos

220 2229 253 2258 3.
285 2226 344 2260 Cf.
365 2227 444 2262 Jes-
465 2231 520 2267 23„
535 2232 567 2262 4.
