1530 2517
105 95 158 136 54
502 98 586 136 ΒΕ
624 97 1024 135 MUTATIONE

106 193 279 234 cienda.
341 194 603 236 Transeunt
646 195 799 236 omnia
832 199 878 235 et
906 199 957 235 tu
997 207 1098 235 cum
1138 196 1203 236 eis
1235 197 1424 250 pariter.

106 263 235 314 Vide,
255 268 304 304 ut
319 276 411 304 non
426 262 691 315 inhaereas,
710 277 766 305 ne
786 265 980 318 capiaris
1001 269 1046 305 et
1060 276 1238 317 pereas.
1297 266 1429 319 Apud

102 333 384 373 Altissimum
415 335 475 374 sit
506 335 726 388 cogitatio
759 339 853 385 tua,
889 340 935 376 et
960 334 1224 388 deprecatio
1257 339 1339 375 tua
1370 335 1427 376 ad

104 401 333 442 Christum
364 404 462 444 sine
501 404 840 445 intermissione
882 403 1119 458 dirigatur.
1196 404 1246 447 Si
1275 406 1424 446 nescis

103 473 330 525 speculari
364 473 457 513 alta
490 478 536 514 et
568 474 812 524 coelestia,
851 474 1093 527 requiesce
1131 474 1179 514 in
1209 475 1424 527 passione

105 540 295 592 Christi,
325 548 370 583 et
384 545 430 583 in
448 544 591 584 sacris
615 543 876 584 vulneribus
904 545 1002 597 ejus
1029 543 1226 585 libenter
1250 543 1421 585 habita.

104 611 152 652 Si
180 612 297 652 enim
324 612 382 652 ad
398 613 588 653 vulnera
607 617 652 654 et
667 615 872 666 pretiosa
896 614 1115 668 stigmata
1129 614 1240 654 Jesu
1258 614 1424 655 devote

102 680 334 736 confugis,
375 694 588 737 magnam
618 684 665 723 in
695 684 994 724 tribulatione
1038 682 1424 725 confortationem

100 752 294 802 senties,
323 765 408 794 nec
431 753 622 794 multum
648 754 827 795 curabis
853 752 1087 794 hominum
1104 753 1423 807 despectiones

99 820 390 876 faciliterque
408 822 549 864 verba
566 822 856 865 detrahentia
870 823 1093 878 perferes.

183 892 223 932 5.
258 890 463 933 Christus
481 892 570 933 fuit
587 895 725 935 etiam
748 896 795 935 in
810 894 978 935 mundo
998 895 1054 935 ab
1072 892 1330 935 hominibus
1349 894 1424 936 de-

102 967 311 1015 spectus,
341 967 387 1003 et
415 963 461 1003 111
484 964 684 1004 maxima
708 965 985 1005 necessitate
1005 977 1032 1005 a
1047 965 1169 1005 notis
1196 968 1242 1005 et
1267 965 1425 1006 amicis

100 1032 222 1073 inter
248 1033 495 1086 opprobria
521 1033 782 1075 derelictus.
845 1033 1050 1076 Christus
1083 1035 1180 1088 pati
1210 1034 1357 1075 voluit
1382 1039 1428 1075 et

105 1102 294 1156 despici,
329 1107 375 1143 et
404 1107 455 1143 tu
487 1103 628 1145 audes
661 1104 717 1145 de
750 1104 904 1159 aliquo
940 1102 1185 1158 conqueri‘}
1219 1103 1426 1146 Christus

105 1171 265 1213 habuit
296 1171 587 1213 adversarios
616 1178 662 1214 et
688 1174 997 1224 oblocutores,
1033 1179 1078 1215 et
1101 1178 1151 1214 tu
1174 1174 1242 1214 vis
1269 1186 1426 1215 omnes

105 1241 276 1283 habere
309 1243 480 1284 amicos
514 1247 560 1284 et
589 1242 940 1285 benefactores&
970 1243 1100 1284 Unde
1133 1244 1428 1286 coronabitur

103 1313 327 1366 patientia
342 1317 436 1364 tua,
455 1312 495 1353 si
511 1311 625 1354 nihil
642 1313 932 1356 adversitatis
953 1312 1230 1355 occurrerit?
1249 1313 1300 1355 Si
1313 1313 1426 1355 nihil

107 1383 385 1424 contrarium
409 1382 477 1424 vis
501 1383 621 1436 pati,
657 1383 887 1438 quomodo
917 1384 1007 1425 eris
1034 1384 1205 1424 amicus
1233 1382 1429 1425 Christi}

105 1453 288 1494 Sustine
304 1457 351 1494 te
370 1465 472 1494 cum
490 1451 672 1495 Christo
693 1458 738 1496 et
753 1467 836 1508 pro
858 1452 1038 1496 Christo
1051 1483 1064 1505 ,
1091 1453 1132 1494 si
1146 1454 1213 1494 vis
1231 1466 1427 1508 regnare

107 1537 208 1563 cum
226 1522 426 1565 Christo.

187 1593 227 1634 6.
262 1593 311 1635 Si
336 1593 480 1635 semel
495 1592 701 1647 perfecte
725 1594 966 1635 introisses
991 1595 1040 1634 in
1062 1593 1287 1634 interiora
1301 1594 1427 1644 Jesu,

106 1668 152 1704 et
167 1662 398 1704 modicum
416 1663 471 1704 de
491 1663 669 1705 ardenti
687 1676 842 1706 amore
862 1664 960 1718 ejus
978 1664 1229 1717 sapuisses,
1247 1667 1355 1705 tunc
1373 1663 1429 1704 de

103 1734 290 1787 proprio
311 1734 551 1775 commodo
579 1733 651 1775 vel
673 1734 965 1776 incommodo
984 1733 1098 1775 nihil
1114 1745 1321 1784 curares,
1348 1734 1430 1775 sed

105 1805 251 1858 magis
269 1803 326 1845 de
353 1805 600 1858 opprobrio
626 1804 759 1845 illato
778 1804 1026 1859 gauderes,
1053 1804 1161 1859 quia
1177 1816 1306 1845 amor
1320 1805 1430 1845 Jesu

106 1874 219 1915 facit
242 1872 471 1915 hominem
497 1887 545 1916 se
570 1875 719 1928 ipsum
744 1879 1049 1916 contemnere.
1108 1875 1298 1915 Amator
1319 1875 1430 1916 Jesu

109 1950 155 1984 et
170 1945 377 1985 veritatis
397 1951 442 1986 et
459 1958 591 1986 verus
616 1946 820 1986 internus
841 1949 887 1986 et
902 1945 1019 1986 liber
1036 1945 1091 1986 ab
1111 1943 1430 1986 affectionibus

107 2014 379 2055 inordinatis
404 2019 559 2068 potest
581 2027 631 2056 se
658 2015 716 2055 ad
740 2016 892 2056 Deum
914 2014 1059 2056 libere
1093 2019 1359 2056 convertere
1387 2020 1433 2056 et

111 2085 293 2126 elevare
319 2097 369 2126 se
386 2097 525 2138 supra
541 2097 590 2126 se
606 2085 754 2138 ipsum
778 2086 826 2125 in
843 2085 1007 2138 spiritu
1024 2096 1078 2126 ac
1101 2084 1286 2127 fruitive
1305 2086 1430 2141 quie-

111 2167 254 2195 scere.

194 2227 235 2264 7.
271 2226 355 2266 Cui
373 2226 556 2278 sapiunt
574 2226 739 2278 omnia,
758 2230 895 2280 prout
912 2230 1029 2278 sunt,
1047 2239 1138 2267 non
1155 2230 1206 2266 ut
1224 2225 1434 2267 dicuntur
