1530 2517
342 121 603 159 CHRISTI
659 122 753 159 Lm.
783 122 852 159 111.
886 123 990 161 CAP.
1023 125 1087 160 59.
1301 122 1382 163 197

8 252 9 257 ,
143 218 185 259 4.
219 218 383 260 Omnia
406 230 624 272 namque,
653 231 769 273 quae
796 219 854 260 ad
877 232 1036 274 pacem
1052 219 1264 261 videntur
1282 232 1382 262 esse

6 290 8 344 ξ
62 293 108 330 et
123 287 394 330 felicitatem
410 287 689 340 habendam,
716 295 761 330 te
788 291 976 332 absente
1002 289 1112 331 nihil
1132 295 1235 331 sunt
1250 288 1381 331 nihil-

2 384 6 435 }
62 371 148 414 que
188 358 425 400 felicitatis
465 360 510 400 in
553 359 748 400 veritate
789 359 1042 402 conferunt.
1101 361 1227 402 Finis
1269 374 1379 416 ergo

0 441 2 461 r
61 430 260 471 omnium
274 430 521 481 bonorum,
550 429 742 471 altitudo
761 432 883 472 vitae
912 435 956 472 et
976 429 1267 485 profunditas
1287 432 1380 473 elo-

60 500 270 554 quiorum
285 504 336 541 tu
355 512 426 551 es,
452 504 498 541 et
520 500 566 540 in
590 504 636 541 te
655 512 792 553 super
810 501 961 541 omnia
979 514 1166 555 sperare
1183 501 1378 543 fortissi-

58 583 180 611 mum
205 570 422 612 solatium
447 583 683 612 servorum
706 575 905 612 tuorum.
965 571 1033 612 Ad
1056 576 1103 613 te
1128 577 1233 613 sunt
1258 573 1380 613 oculi

57 642 162 693 mei,
172 642 219 682 in
230 646 275 683 te
287 641 484 692 confido,
496 641 621 683 Deus
635 654 778 692 meus,
789 641 1209 684 misericordiarum
1219 643 1377 694 Pater3

55 712 251 754 benedic
269 717 314 754 et
330 712 565 753 sanctifica
578 713 773 752 animam
784 712 1262 755 meambenedictione
1274 726 1377 755 coe-

55 783 186 834 lesti,
218 788 269 824 ut
292 783 374 823 fiat
397 781 621 824 habitatio
649 787 807 823 sancta
829 787 910 822 tua
937 787 982 824 et
1006 783 1139 825 sedes
1160 789 1376 825 aeternae

54 854 235 909 gloriae
252 858 359 895 tuae
371 884 383 904 ,
404 852 606 908 nihilque
622 855 669 893 in
684 853 855 906 templo
873 857 982 894 tuae
1001 853 1235 907 dignitatis
1252 856 1375 896 inve—

54 925 230 975 niatur,
258 923 380 978 quod
407 923 566 964 oculos
590 928 698 964 tuae
723 924 980 977 majestatis
1008 923 1226 965 offendat.
1289 925 1375 967 Se-

56 1007 156 1035 cun
168 994 290 1034 dum
321 993 681 1048 magnitudinem
697 994 916 1034 bonitatis
933 999 1041 1036 tuae
1061 999 1107 1035 et
1130 995 1374 1036 multitu-

56 1064 236 1106 dinem
286 1064 719 1106 miserati-onum
774 1068 993 1104 tuarum
1044 1067 1265 1119 respice
1321 1067 1374 1106 in

52 1147 158 1186 me,
192 1139 238 1177 et
270 1135 437 1176 exaudi
471 1135 728 1176 orationem
754 1135 969 1188 pauperis
1001 1137 1122 1176 servi
1144 1137 1212 1176 tui
1236 1136 1374 1190 longe

55 1206 280 1247 exulantis
296 1207 344 1246 in
358 1206 552 1259 regione
570 1205 758 1246 umbrae
775 1206 950 1245 mortis.
990 1205 1190 1259 Protege
1210 1210 1255 1246 et
1270 1219 1371 1247 con-

54 1288 188 1317 serva
220 1276 418 1316 animam
442 1275 612 1317 servuli
637 1275 705 1315 tui
728 1275 848 1316 inter
871 1280 941 1315 tot
966 1275 1227 1316 discrimina
1251 1277 1372 1318 vitae

53 1346 378 1400 corruptibilis,
393 1359 446 1387 ac
464 1347 709 1387 comitante
727 1346 879 1399 gratia
895 1350 976 1386 tua
994 1345 1139 1399 dirige
1156 1359 1238 1399 per
1254 1347 1372 1388 viam

50 1418 177 1471 pacis
197 1416 255 1457 ad
270 1417 467 1471 patriam
484 1421 736 1470 perpetuae
757 1415 994 1457 claritatis.
1054 1416 1208 1457 Amen.

144 1559 177 1590 4.
204 1554 346 1590 Psalm.
368 1559 410 1590 68
432 1556 526 1600 (69),
547 1559 601 1589 17.

553 1768 682 1783 “⁴
689 1765 865 1787 θρον-
