1530 2517
296 634 1096 709 PRAEFATIO.

159 1045 365 1125 Libelli
396 1077 453 1123 de
485 1076 755 1122 imitatione
785 1073 989 1133 Christi,
1019 1076 1122 1122 sive
1145 1072 1353 1119 Thomas

34 1180 62 1209 a
93 1162 290 1226 Kempis
339 1164 440 1208 eius
485 1170 557 1208 est
595 1168 762 1208 auctor
802 1164 903 1208 sive
942 1162 1063 1206 alius
1102 1162 1353 1223 quispiam,

35 1255 213 1310 quanta
256 1249 321 1293 sit
361 1247 679 1308 praestantia,
722 1260 860 1291 nemo
906 1253 977 1290 est
1022 1246 1104 1307 qui
1141 1246 1352 1308 ignoret:

33 1337 262 1392 quantum
302 1329 505 1392 diligens
548 1332 650 1375 eius
690 1329 831 1375 lectio
870 1329 1029 1375 valeat
1070 1328 1129 1374 ad
1173 1330 1352 1374 animos

33 1413 312 1475 erigendos,
344 1412 646 1471 excitandos,
677 1427 819 1458 verae
846 1413 1039 1473 pietatis
1070 1427 1229 1457 amore
1262 1413 1352 1456 im-

32 1495 256 1557 plendos,
286 1497 480 1557 plurimi
504 1497 689 1557 experti
710 1503 820 1541 sunt
841 1497 946 1557 ipsi.
1017 1493 1182 1558 Itaque
1203 1497 1353 1540 nemi-

30 1593 143 1624 nem
187 1579 564 1641 improbaturum
603 1595 705 1624 esse
744 1594 1008 1640 speramus,
1046 1579 1171 1640 quod
1209 1595 1351 1641 quum

31 1676 184 1722 nuper
214 1663 657 1725 interpretationem
688 1663 789 1707 eius
817 1659 1150 1708 Germanicam
1181 1678 1350 1707 seeun-

34 1744 104 1789 dis
153 1746 279 1792 euris
328 1761 356 1792 a
386 1744 567 1791 Joanne
600 1743 839 1791 Gossnero
876 1752 1063 1791 auctam
1108 1746 1160 1790 in
1193 1746 1349 1791 lucem

30 1829 346 1888 emiserimus‚
370 1845 497 1875 nunc
520 1835 705 1874 textum
730 1830 872 1874 etiam
894 1829 1096 1874 latinum
1117 1829 1242 1891 typis
1269 1828 1347 1873 de-

27 1910 173 1956 scribi
195 1912 445 1971 iussimus,
480 1928 643 1957 eorum
665 1913 717 1957 in
740 1926 903 1970 usum„
934 1914 1015 1974 qui
1039 1912 1189 1973 ipsam
1213 1913 1347 1973 quasi

23 2008 193 2040 vocem
228 1997 436 2040 auctoris
473 1996 638 2041 audire
675 2002 722 2040 et
755 1996 967 2041 nativam
1004 1996 1132 2040 illam
1169 2011 1346 2058 eogno-

26 2092 160 2122 scere
193 2079 548 2139 simplieitatem
580 2080 802 2139 cupiunt,
848 2094 968 2140 quae
998 2078 1223 2124 vertendo
1260 2093 1344 2122 ex-

23 2161 167 2221 primi
209 2163 296 2206 vix
338 2162 503 2222 possit.
575 2160 745 2207 Editus
789 2170 862 2208 est
903 2168 1061 2207 autem
1108 2161 1167 2205 ad
1203 2160 1344 2205 fidem

28 2241 249 2289 editionis
281 2259 309 2289 a
335 2243 416 2290 Fr.
432 2243 527 2290 Jos.
545 2242 815 2291 Desbillons
850 2251 1064 2303 curatae,
1103 2245 1183 2306 qui
1220 2244 1343 2288 anti-
