1530 2517
288 102 550 141 CHRISTI
606 102 700 139 Llss.
731 103 799 138 111.
833 104 938 139 CAP.
970 104 1036 140 35.
1056 105 1120 141 36.
1281 104 1361 145 145

31 199 162 241 brevi
202 198 364 240 labore
408 204 454 241 et
491 199 713 240 infinitam
746 199 942 254 gloriam
973 213 1057 255 pro
1091 202 1359 243 transitoria

31 268 318 311 confusione.

113 339 153 380 3.
186 339 327 380 Putas
344 344 417 390 tu,
445 339 567 394 quod
593 352 774 394 semper
789 339 979 382 habebis
997 354 1079 396 pro
1099 346 1178 382 tua
1196 342 1353 383 volun-

27 415 127 452 tate
146 410 489 452 consolationes
509 409 800 463 spirituales?
848 411 1004 454 Sancti
1021 412 1112 452 mei
1128 424 1218 452 non
1237 425 1352 454 sem·

28 494 112 535 per
127 479 387 522 habuerunt
402 480 542 531 tales,
571 480 653 521 sed
677 481 842 522 multas
869 482 1119 536 gravitates
1146 487 1191 522 et
1205 487 1352 524 tenta-

27 553 178 593 tiones
195 551 348 592 varias
365 563 647 606 magnasque
659 551 987 592 desolationes.
1023 551 1114 593 Sed
1124 553 1354 606 patienter

29 623 343 663 sustinuerunt
359 634 409 663 se
425 622 473 662 in
492 622 699 662 omnibus
719 626 765 663 et
780 622 927 676 magis
947 622 1108 663 confisi
1127 627 1233 664 sunt
1247 624 1349 665 Deo

28 705 164 747 quam
180 692 291 744 sibi,
318 693 538 744 scientes,
574 692 704 747 quia
733 705 841 733 non
873 697 1002 734 sunt
1033 693 1350 748 condignae

25 765 330 817 passiones
363 753 526 817 hujus
557 763 831 817 temporis
867 762 932 802 ad
957 762 1205 804 futuram
1236 763 1350 818 glo-

22 834 160 874 riam
191 833 558 888 promerendam.
618 833 701 876 Vis
729 837 780 873 tu
812 833 967 873 statim
999 831 1194 885 habere,
1228 834 1352 888 quod

22 905 155 945 multi
177 908 285 959 post
307 904 473 945 multas
498 903 727 957 lacrymas
762 908 808 944 et
838 916 1030 958 magnos
1063 904 1248 946 labores
1272 905 1350 945 vix

25 973 346 1016 obtinuerunt?
403 974 634 1027 Exspecta
656 973 928 1025 Dominum,
962 974 1156 1015 viriliter
1189 987 1276 1029 age
1304 979 1350 1016 et

24 1043 312 1096 confortare3
329 1044 426 1085 noli
444 1043 667 1096 diffidere,
685 1043 783 1085 noli
800 1043 1062 1096 discedere3
1080 1045 1163 1086 sed
1181 1057 1347 1099 corpus

24 1119 69 1155 et
94 1115 292 1155 animam
317 1127 494 1169 expone
519 1119 784 1156 constanter
801 1127 884 1169 pro
912 1115 1065 1169 gloria
1079 1116 1184 1157 Dei.
1243 1117 1344 1170 Ego

19 1183 213 1225 reddam
242 1184 530 1238 plenissime,
568 1197 671 1240 ego
720 1190 902 1227 tecum
950 1198 1045 1227 ero
1095 1186 1152 1227 in
1196 1186 1346 1227 omni

22 1255 418 1297 tribulatione.

391 1630 535 1678 CAP
548 1631 650 1676 UT
699 1630 967 1678 XXXVI.

295 1745 464 1788 Contra
489 1757 606 1787 vana
632 1743 858 1786 hominum
873 1744 1065 1799 judicia.

101 1895 142 1934 1.
173 1874 227 1933 F
224 1894 299 1945 ili,
321 1895 448 1948 jacta
467 1908 547 1937 cor
564 1899 692 1936 tuum
709 1893 901 1935 firmiter
915 1892 963 1932 in
977 1891 1178 1933 Domino
1199 1895 1245 1933 et
1259 1890 1337 1932 hu-

15 1979 201 2009 manum
221 1981 279 2009 ne
295 1971 473 2008 metuas
487 1966 710 2021 judicium
721 1995 732 2016 ,
758 1965 838 2005 ubi
853 1969 899 2006 te
918 1965 1201 2006 conscientia
1215 1965 1341 2018 pium

11 2036 168 2078 reddit
199 2042 247 2079 et
275 2038 519 2078 insontem.
581 2038 762 2078 Bonum
794 2039 865 2076 est
895 2039 943 2076 et
970 2035 1158 2076 beatum
1183 2034 1340 2075 taliter

12 2107 133 2160 pati,
158 2120 244 2149 nec
267 2106 357 2150 hoc
382 2109 470 2149 erit
494 2119 634 2162 grave
660 2105 820 2147 humili
845 2104 974 2147 cordi
1000 2109 1047 2146 et
1061 2105 1164 2146 Deo
1189 2104 1337 2157 magis

105 2248 138 2278 3.
164 2246 267 2280 Rom.
287 2249 319 2285 8,
340 2248 394 2279 18.
443 2245 587 2279 Psalm.
605 2249 649 2280 90
669 2246 762 2291 (91),
784 2249 840 2279 15.

952 2306 996 2346 Κ
