1530 2517
141 128 166 167 8
534 124 618 161 DE
647 126 1046 163 IMITATIONE

143 236 191 265 se
216 224 316 277 ipso
343 221 584 264 fortiorem
607 222 710 262 fieri
734 227 868 277 atque
892 223 940 263 in
962 222 1124 264 melius
1152 223 1324 278 aliquid
1347 237 1450 278 pro-

141 294 292 334 ficere.
512 330 520 334 N

225 363 265 403 4.
299 362 454 403 Omnis
479 361 703 414 perfectio
727 363 775 402 in
799 361 886 404 hac
907 363 1001 403 vita
1033 362 1257 417 quandam
1289 363 1452 416 imper·
1525 359 1527 361 ’

143 432 390 474 sectionem
413 431 502 472 sibi
526 429 664 472 habet
688 444 928 483 annexam,
963 438 1008 474 et
1033 433 1176 473 omnis
1200 433 1452 486 speculatio
1525 422 1527 446 ³

142 506 300 543 nostra
346 501 540 556 quadam
580 501 774 555 caligine
811 513 902 542 non
941 507 1078 542 caret.
1152 503 1348 543 Humilis
1387 503 1452 543 tui
1526 509 1527 526 ¹

145 571 345 626 cognitio
380 571 548 612 certior
577 571 652 611 via
684 576 753 611 est
783 571 842 611 ad
869 572 1032 622 Deum,
1066 584 1199 626 quam
1227 571 1494 625 profunda..

143 640 363 681 scientiae
386 640 636 694 inquisitio.
695 640 797 681 Non
823 645 893 681 est
916 640 1139 693 culpanda
1162 642 1353 682 scientia
1378 646 1456 681 aut
1523 643 1530 648 ⁴

147 710 378 765 quaelibet
394 710 587 764 simplex
600 711 671 751 rei
686 711 863 761 notitia,
883 722 998 765 quae
1014 710 1137 751 bona
1148 711 1269 751 estin
1280 724 1330 751 se
1350 724 1452 752 con-

144 780 346 821 siderata
379 784 424 821 et
455 792 482 820 a
512 780 614 821 Deo
657 780 888 831 ordinata-3
929 779 1012 821 sed
1048 779 1353 833 praeferenda
1386 785 1455 821 est
1523 777 1526 779 ’

144 862 325 904 semper
338 850 461 890 bona
487 850 765 890 conscientia
791 855 837 891 et
857 850 1061 891 virtuosa
1076 850 1184 890 vita.
1246 850 1364 899 Quia
1379 863 1452 891 ve·
1483 905 1486 907 v
1527 898 1530 900 q

141 933 194 961 ro
226 920 380 974 plures
410 919 558 974 magis
589 918 772 960 student
801 920 933 971 scire,
967 931 1101 974 quam
1130 920 1246 960 bene
1277 920 1450 960 vivere:

144 990 249 1031 ideo
269 1002 406 1043 saepe
425 993 579 1031 errant
604 994 649 1030 et
671 1001 816 1043 paene
840 988 1012 1029 nullum
1026 988 1100 1029 vel
1116 989 1343 1030 modicum
1360 988 1451 1029 fru-

146 1064 266 1100 ctum
280 1058 446 1100 ferunt.

227 1128 268 1170 5.
301 1129 362 1180 O,
393 1129 435 1170 si
463 1132 637 1169 tantam
668 1127 935 1170 adhiberent
973 1127 1256 1183 diligentiam
1289 1128 1347 1169 ad
1380 1140 1453 1169 ex·
1523 1177 1525 1179 ¹

145 1198 379 1253 stirpanda
401 1198 513 1239 vitia
540 1202 586 1239 et
606 1198 795 1240 virtutes
819 1198 1108 1249 inserendas,
1134 1198 1268 1239 sicuti
1286 1197 1344 1239 ad
1359 1211 1453 1238 mo-

143 1268 314 1310 vendas
339 1269 654 1324 quaestiones,
678 1280 770 1309 non
794 1268 956 1309 fierent
977 1271 1105 1308 tanta
1128 1267 1249 1308 mala
1267 1271 1312 1308 et
1328 1280 1455 1309 scan-

147 1338 252 1379 dala
280 1339 328 1379 in
357 1338 543 1393 populo,
576 1350 661 1379 nec
689 1342 819 1378 tanta
850 1336 1090 1378 dissolutio
1122 1337 1170 1377 in
1203 1337 1451 1378 coenobiis.

146 1409 280 1450 Certe
306 1407 575 1450 adveniente
601 1406 675 1448 die
695 1407 858 1461 judicii
879 1416 970 1447 non
996 1411 1241 1461 quaeretur
1264 1419 1292 1447 a
1322 1406 1454 1447 nobis

146 1478 254 1532 quid
269 1478 485 1533 legimus,
503 1476 587 1519 sed
603 1476 708 1532 quid
725 1476 938 1527 fecimus,
957 1490 1041 1518 nec
1059 1489 1192 1531 quam
1206 1477 1322 1518 bene
1341 1475 1453 1516 dixi-
1509 1501 1512 1503 -

143 1561 257 1598 mus,
275 1547 357 1588 sed
373 1559 507 1602 quam
521 1547 742 1601 religiose
757 1547 963 1587 viximus.
1009 1546 1097 1588 Dic
1112 1545 1237 1596 mihi,
1255 1545 1334 1586 ubi
1350 1550 1456 1586 sunt

143 1617 280 1658 modo
301 1630 455 1658 omnes
470 1617 540 1658 illi
557 1616 728 1657 domini
752 1620 798 1657 et
811 1616 1040 1670 magistri,
1068 1628 1180 1670 quos
1195 1616 1312 1656 bene
1329 1615 1453 1656 novi-

144 1688 217 1737 sti,
250 1686 356 1727 dum
386 1685 533 1728 adhuc
563 1687 766 1727 viverent
797 1690 843 1726 et
872 1685 1032 1725 studiis
1063 1683 1308 1726 florerent‘}
1352 1685 1453 1726 Jam

146 1769 302 1798 eorum
318 1755 602 1810 praebendas
621 1756 701 1796 alii
716 1753 975 1809 possident,
995 1759 1040 1795 et
1055 1755 1210 1796 nescio
1227 1760 1378 1796 utrum
1395 1755 1452 1796 de

146 1827 211 1868 eis
226 1827 499 1881 recogitant.
556 1827 608 1867 In
623 1826 718 1866 vita
741 1838 824 1867 sua
850 1824 1023 1879 aliquid
1049 1837 1149 1866 esse
1167 1824 1450 1875 videbantur,

147 1902 192 1938 et
206 1896 342 1937 modo
363 1896 418 1937 de
435 1896 527 1936 illis
543 1899 736 1936 tacetur.

227 1966 266 2007 6.
301 1966 337 2006 Ο
357 1977 490 2019 quam
507 1966 596 2007 cito
613 1966 777 2007 transit
791 1965 942 2021 gloria
956 1963 1130 2006 mundi!
1162 1964 1343 2006 Utinam
1360 1963 1452 2003 vita

146 2047 303 2076 eorum
327 2035 546 2077 scientiae
569 2035 772 2089 ipsorum
806 2032 1149 2077 concordasset!
1182 2034 1312 2075 Tunc
1332 2033 1449 2074 bene

144 2105 423 2146 studuissent
448 2109 493 2146 et
515 2105 750 2159 legissent.
811 2104 957 2155 Quam
986 2104 1116 2144 multi
1147 2106 1340 2156 pereunt
1369 2114 1451 2156 per

140 2182 304 2215 vanam
319 2174 557 2215 scientiam
571 2174 618 2214 in
634 2173 835 2225 saeculo,
849 2175 924 2229 qui
939 2186 1098 2228 parum
1115 2177 1273 2214 curant
1289 2172 1344 2213 de
1361 2172 1451 2213 Dei

142 2242 351 2286 servitio!
383 2243 443 2285 Et
476 2244 582 2298 quia
611 2243 757 2297 magis
786 2243 959 2298 eligunt
980 2244 1133 2297 magni
1160 2255 1259 2283 esse
1270 2272 1282 2293 ,
1317 2253 1450 2296 quam
