1530 2517
159 97 234 138 162
552 98 635 135 DE
666 98 1068 135 [MITATIONE

153 196 264 236 tium
288 207 380 235 non
403 199 578 236 rectum
603 194 828 236 videatur.
887 193 956 235 Ad
981 207 1053 235 me
1077 206 1189 249 ergo
1210 196 1480 237 currendum

154 270 223 307 est
238 266 286 306 in
304 266 428 306 omni
440 264 615 319 judicio
627 295 640 315 ,
659 278 742 307 nec
759 265 948 319 proprio
967 264 1250 306 innitendum
1271 266 1477 307 arbitrio.

150 336 345 377 Justus
386 336 509 376 enim
547 348 653 376 non
694 335 1161 386 conturbabitur,
1203 335 1477 391 quidquid

151 418 177 446 a
200 406 242 447 D
257 418 320 447 eo
349 406 400 446 ei
426 405 721 446 acciderit.
780 406 976 453 Etiamsi
991 405 1161 459 injuste
1180 405 1353 458 aliquid
1372 418 1476 446 con—

149 481 221 516 tra
248 488 352 517 eum
375 476 607 529 prolatum
624 474 785 526 fuerit,
811 488 903 516 non
922 475 1114 516 multum
1133 476 1323 516 curabit.
1386 475 1479 518 Sed

150 559 234 588 nec
250 558 368 587 vane
388 545 656 596 exsultabit,
683 546 724 586 si
739 558 823 601 per
848 546 966 588 alios
983 545 1326 586 rationabiliter
1345 557 1478 586 excu-

149 623 291 657 setur.
357 615 530 657 Pensat
559 629 777 672 namque,
812 616 919 671 quia
953 628 1040 670 ego
1075 628 1174 656 sum
1214 629 1234 655 s
1247 621 1442 656 crutan
1455 629 1475 656 s

152 701 174 728 c
186 700 210 728 o
222 686 325 728 rda
358 691 412 728 et
439 700 464 727 r
476 699 499 728 e
511 699 607 728 nes
621 717 633 737 ,
668 687 745 741 qui
761 699 853 727 non
865 685 1023 741 judico
1043 685 1291 727 secundum
1310 685 1475 727 faciem

152 764 196 798 et
231 756 475 797 humanam
516 757 845 811 apparentiam.
906 755 1025 798 Nam
1063 768 1202 810 saepe
1241 756 1288 796 in
1331 756 1475 797 oculis

150 830 262 869 meis
278 829 509 882 reperitur
527 827 777 881 culpabile,
797 826 920 882 quod
938 825 1171 871 hominum
1185 827 1359 881 judicio
1381 840 1484 868 cre--

150 898 271 941 ditur
287 897 537 939 laudabile.

230 969 270 1009 5.
302 968 502 1010 Domine
528 968 676 1018 Deus,
705 967 851 1022 judex
870 968 1018 1023 juste,
1046 967 1181 1009 fortis
1210 972 1254 1010 et
1276 969 1472 1022 patiens,

148 1039 223 1093 qui
246 1037 481 1079 hominum
504 1039 627 1079 nosti
650 1037 954 1092 fragilitatem
980 1043 1027 1085 et
1047 1039 1343 1091 pravitatem,
1373 1043 1471 1080 esto

144 1110 288 1150 robur
302 1121 454 1149 meum
481 1113 526 1149 et
544 1113 644 1148 tota
661 1108 830 1149 fiducia
846 1121 971 1150 mea:
1004 1121 1096 1149 non
1115 1109 1235 1150 enim
1250 1107 1363 1149 mihi
1379 1108 1472 1149 suf-

147 1179 240 1219 ficit
258 1166 540 1220 conscientia
555 1190 675 1218 mea.
735 1179 808 1218 Tu
824 1178 962 1230 nosti,
983 1179 1106 1233 quod
1124 1191 1211 1233 ego
1230 1192 1322 1220 non
1341 1180 1472 1229 novi3

147 1255 191 1291 et
207 1249 313 1290 ideo
331 1249 378 1289 in
398 1249 520 1289 omni
538 1246 900 1302 reprehensione
918 1246 1161 1290 humiliare
1178 1262 1252 1290 me
1271 1248 1408 1290 debui
1428 1254 1474 1291 et

145 1323 380 1361 mansuete
399 1319 640 1360 sustinere.
685 1319 881 1373 Ignosce
901 1332 1083 1374 quoque
1099 1318 1212 1360 mihi
1227 1320 1471 1374 propitius,

145 1391 324 1447 quoties
344 1391 411 1431 sic
426 1401 518 1430 non
537 1391 626 1443 egi,
640 1393 686 1430 et
704 1389 826 1431 dona
841 1390 1009 1431 iterum
1020 1391 1219 1445 gratiam
1236 1390 1472 1444 amplioris

144 1459 458 1502 sufferentiae.
517 1460 688 1501 Melior
709 1464 779 1501 est
805 1461 925 1501 enim
940 1459 1053 1501 mihi
1068 1465 1149 1502 tua
1176 1464 1366 1515 copiosa
1390 1462 1472 1501 mi-

145 1530 400 1574 sericordia
419 1530 477 1573 ad
489 1531 863 1571 consecutionem
879 1531 1210 1585 indulgentiae,
1224 1544 1358 1585 quam
1369 1543 1474 1573 mea

146 1602 333 1655 opinata
345 1601 526 1655 justitia
542 1612 625 1654 pro
646 1599 917 1644 defensione
936 1601 1122 1642 latentis
1145 1602 1471 1643 conscientiae.

142 1672 244 1712 Etsi
275 1670 420 1713 nihil
450 1669 586 1711 mihi
618 1671 884 1712 conscius
913 1684 1051 1722 sum,
1077 1675 1264 1713 tamen
1287 1672 1342 1712 in
1367 1670 1472 1713 hoc

138 1740 475 1796 justificare
507 1754 587 1782 me
619 1754 729 1782 non
759 1753 1006 1794 possum:
1043 1742 1150 1796 quia
1175 1747 1357 1783 remota
1388 1742 1470 1782 mi-

141 1811 397 1853 sericordia
428 1816 508 1852 tua
547 1824 655 1852 non
681 1800 1121 1866 justificabitur
1152 1813 1207 1852 in
1240 1825 1410 1866 consp
1425 1825 1468 1853 e-

143 1888 232 1924 ctu
262 1887 355 1922 tuo
391 1883 567 1922 omnis
585 1883 810 1924 ‘vivens

231 2027 265 2058 4.
292 2023 404 2057 Prov.
426 2026 479 2062 12,
499 2026 556 2057 21.
604 2021 749 2056 Psalm.
769 2025 802 2063 7,
822 2026 878 2056 10.
895 2042 942 2048 -——
976 2025 1008 2056 5.
1043 2028 1061 2056 1
1082 2021 1167 2055 Cor.
1186 2025 1219 2061 4,
1237 2024 1272 2055 4.
1322 2019 1465 2054 Psalm.

142 2087 208 2117 142
229 2084 346 2128 (143),
364 2086 399 2117 2.
