1530 2517
310 102 571 140 CHRISTI
631 102 736 138 ΙΛΒ.
768 103 836 138 lv.
870 102 989 138 CAP.
1023 104 1060 138 4.
1082 104 1117 139 5.
1298 102 1378 141 213

520 357 782 405 CAPUT
848 360 914 403 V.

144 476 210 517 De
242 475 459 531 dignitate
491 472 760 514 sacramenti
790 480 833 513 et
863 479 982 512 statu
1013 472 1291 513 sacerdotali.

467 612 611 662 Vox
655 609 965 661 D1LEc'r1.

141 761 180 801 1.
211 735 280 804 Si
304 758 498 801 haberes
526 758 782 813 angelicam
800 759 1045 812 puritatem
1072 761 1118 799 et
1141 757 1286 799 sancti
1302 757 1378 798 Jo-

59 834 187 874 annis
212 834 451 887 Baptistae
487 833 798 873 sanctitatem:
837 846 927 873 non
963 844 1089 874 esses
1108 831 1271 886 dignus
1294 830 1383 871 hoc

60 909 397 945 sacramentum
424 904 633 956 accipere
660 915 743 943 nec
761 906 977 942 tractare.
1037 901 1140 943 Nou
1161 903 1279 942 enim
1297 900 1385 942 hoc

58 974 235 1015 meritis
262 973 454 1015 debetur
480 972 734 1022 hominum,
762 972 883 1026 quod
909 970 1046 1013 homo
1074 976 1314 1013 consecret
1340 977 1387 1011 et

57 1049 225 1085 tractet
237 1042 406 1085 Christi
416 1049 765 1093 sacramentum,
780 1048 825 1083 et
839 1047 989 1083 sumat
1003 1043 1050 1082 in
1061 1042 1210 1083 cibum
1222 1053 1383 1095 panem

57 1114 350 1169 Angelorum.
412 1113 596 1161 Grande
621 1114 889 1168 mysterium
923 1117 969 1154 et
990 1125 1158 1167 magna
1182 1111 1384 1167 dignitas

58 1184 371 1236 sacerdotum,
391 1184 554 1239 quibus
574 1183 727 1224 datum
750 1188 840 1233 est,
861 1182 984 1237 quod
1001 1182 1187 1237 Angelis
1205 1195 1296 1222 non
1316 1187 1386 1222 est

59 1267 342 1296 concessum.
405 1254 504 1296 Soli
518 1267 712 1309 namque
732 1253 999 1294 sacerdotes
1015 1253 1103 1294 rite
1121 1253 1165 1293 in
1188 1252 1386 1293 ecclesia

60 1326 261 1367 ordinati
299 1328 578 1380 potestatem
614 1322 786 1364 habent
825 1323 1090 1364 celebrandi
1130 1326 1176 1363 et
1219 1334 1385 1375 corpus

61 1395 231 1438 Christi
256 1394 570 1437 consecrandi.
633 1393 860 1436 Sacerdos
882 1393 1063 1448 quidem
1089 1393 1298 1433 minister
1316 1396 1386 1432 est

57 1467 172 1517 Dei,
198 1471 331 1507 utens
347 1466 488 1507 verbo
507 1465 597 1507 Dei
613 1477 697 1519 per
716 1466 971 1519 jussionem
991 1470 1036 1505 et
1050 1463 1386 1504 institutionem

57 1537 171 1587 Dei3
202 1537 330 1578 Deus
358 1540 510 1577 autem
536 1536 599 1576 ibi
615 1534 880 1589 principalis
904 1540 974 1576 est
991 1539 1152 1576 auctor
1170 1539 1216 1575 et
1230 1534 1385 1574 invisi-

58 1608 165 1649 bilis
184 1611 417 1662 operator,
431 1606 504 1647 cui
520 1606 678 1647 subest
696 1618 828 1647 omne
841 1605 963 1660 quod
974 1605 1185 1655 voluerit,
1200 1609 1386 1657 etparet

63 1690 196 1720 omne
215 1676 338 1733 quod
350 1677 556 1731 jusserit.

143 1749 184 1787 2.
216 1747 326 1788 Plus
354 1759 464 1802 ergo
493 1745 682 1787 credere
711 1746 850 1788 debes
875 1747 976 1788 Deo
1006 1745 1308 1799 omnipotenti
1339 1744 1382 1784 in

60 1817 150 1859 hoc
175 1817 560 1859 excellentlssimo
588 1823 898 1866 sacramento,
927 1828 1062 1870 quam
1077 1815 1267 1869 proprio
1286 1826 1386 1855 sen-

62 1889 132 1930 sui
159 1892 237 1929 aut
262 1888 400 1929 alicui
424 1887 556 1941 signo
581 1886 774 1936 visibili;
805 1886 1004 1940 ideoque
1032 1899 1130 1927 cum
1149 1886 1314 1925 timore
1342 1889 1387 1924 et

60 1959 322 2001 reverentia
353 1956 413 1997 ad
442 1955 532 1997 hoc
564 1968 678 2010 opus
711 1961 781 1997 est
808 1955 1132 1997 accedendum.
1191 1954 1386 1995 Attende

62 2029 168 2080 tibi,
197 2033 242 2069 et
265 2026 369 2068 vide
397 2027 525 2080 cujus
551 2026 855 2067 ministerium
877 2026 962 2067 tibi
977 2025 1194 2066 traditum
1223 2028 1293 2064 est
1308 2036 1390 2077 per

61 2098 405 2152 impositionem
422 2109 581 2137 manus
601 2096 820 2149 episcopi.
854 2097 990 2146 Ecce,
1003 2094 1222 2136 sacerdos
1242 2093 1388 2134 factus

68 2182 115 2210 es
138 2173 184 2210 et
201 2167 259 2209 ad
277 2166 600 2209 celebrandum
618 2170 935 2216 consecratus3
953 2166 1057 2207 vide
1074 2178 1207 2215 nunc,
1220 2170 1270 2204 ut
1281 2164 1390 2204 fide-

63 2239 170 2281 liter
183 2244 229 2280 et
239 2238 406 2279 devote
423 2237 470 2276 in
487 2248 570 2278 suo
583 2239 790 2289 tempore
801 2237 902 2277 Deo
916 2235 1189 2277 sacrificium
1203 2232 1388 2276 offeras..
