1530 2517
259 130 524 168 CHRISTI
580 129 691 165 Lux.
723 128 792 163 111.
835 127 954 163 CAP.
985 126 1051 163 43.
1069 127 1136 163 44.
1280 124 1362 165 157

429 385 580 433 CAP
598 384 699 431 UT
767 383 973 431 XLIV.

202 500 274 544 De
306 514 395 543 non
432 499 698 542 attrahendo
730 498 816 540 sibi
846 512 916 541 res
941 499 1195 540 exteriores.

121 651 161 690 1.
193 632 314 701 Fili,
332 650 380 690 in
396 649 550 690 multis
571 652 755 704 oportet
769 653 816 690 te
836 662 937 691 esse
953 649 1147 690 inscium
1167 651 1213 688 et
1230 648 1366 688 aesti-

37 730 164 761 mare
189 724 407 775 tanquam
432 724 663 761 mortuum
686 731 826 773 super
855 723 1028 761 terram
1061 723 1107 759 et
1139 719 1211 759 cui
1241 722 1367 759 totus

36 789 230 831 mundus
258 790 501 831 crucifixus
527 789 600 830 sit.
660 789 810 830 Multa
843 790 983 830 etiam
1016 794 1201 844 oportet
1231 790 1373 831 surda

39 872 150 901 aure
168 860 467 914 pertransire,
485 863 532 901 et
543 872 660 914 quae
677 863 785 900 tuae
803 860 931 913 pacis
949 864 1068 911 sunt,
1079 860 1227 915 magis
1247 861 1371 915 cogi-

40 936 156 972 tare.
216 931 384 973 Utilius
411 934 482 972 est
499 930 659 972 oeulos
678 942 706 971 a
719 930 858 972 rebus
878 930 1224 985 displicentibus
1244 943 1371 972 aver-

38 1007 138 1044 tere
158 1006 204 1044 et
219 1001 464 1056 unicuique
482 1013 614 1042 suum
631 1001 803 1042 sentire
820 1001 1099 1056 relinquere,
1113 1013 1249 1056 quam
1267 1013 1374 1043 con-

36 1072 250 1114 tentiosis
268 1072 556 1114 sermonibus
575 1071 823 1114 deservire.
864 1071 914 1114 Si
929 1073 1047 1113 bene
1065 1073 1250 1114 steteris
1269 1085 1375 1114 cum

35 1143 139 1185 Deo
169 1147 218 1184 et
242 1143 340 1198 ejus
361 1142 586 1198 judicium
612 1141 903 1196 adspexeris,
928 1141 1113 1184 facilius
1136 1147 1183 1185 te
1200 1143 1374 1187 victum

36 1213 260 1268 portabis.

121 1286 163 1325 2.
197 1284 234 1325 Ο
252 1283 467 1335 Domine,
487 1296 726 1339 quousque
745 1281 978 1325 venimus?
1016 1284 1138 1325 Ecce
1157 1283 1375 1329 damnum

39 1353 235 1396 defletur
250 1354 530 1410 temporale;
550 1367 633 1408 pro
652 1353 836 1395 modico
857 1359 1051 1409 quaestu
1067 1354 1309 1395 laboratur
1326 1359 1376 1397 et

40 1425 258 1476 curritur,
303 1430 349 1467 et
380 1424 620 1479 spirituale
654 1424 979 1466 detrimentum
1009 1425 1058 1465 in
1090 1424 1374 1467 oblivionem

39 1495 206 1537 transit
238 1500 284 1537 et
307 1496 384 1537 vix
414 1508 519 1537 sero
551 1494 743 1537 reditur.
807 1495 943 1545 Quod
966 1507 1128 1549 parum
1151 1495 1228 1537 vel
1256 1493 1375 1537 nihil

38 1565 243 1621 prodest,
264 1565 536 1617 attenditur,
557 1570 604 1607 et
621 1564 742 1621 quod
761 1578 936 1606 summe
953 1566 1267 1607 necessarium
1285 1570 1372 1617 est,

37 1636 330 1692 negligenter
344 1635 644 1690 praeteritur:
676 1636 784 1690 quia
799 1639 925 1676 totus
943 1633 1081 1677 homo
1102 1636 1162 1677 ad
1181 1641 1373 1678 externa.

40 1706 223 1760 defluit,
250 1711 296 1750 et
311 1707 401 1749 nisi
419 1707 509 1749 cito
525 1706 794 1760 resipiscat,
821 1705 970 1748 libens
993 1708 1040 1748 in
1060 1707 1368 1750 exterioribus

36 1777 176 1833 jacet.
