1530 2517
262 111 526 149 CHRISTI
584 113 692 148 LIR.
725 111 794 148 111.
829 112 952 147 CAP.
986 110 1135 146 25.26.
1278 105 1358 145 129

420 367 684 414 CAPUT
749 368 961 413 XXVI.

29 480 99 523 De
132 481 368 524 eminentia
401 481 564 523 liberae
595 481 774 532 mentis,
829 494 959 536 quam
992 481 1172 536 supplex
1206 479 1349 521 oratio

336 553 478 609 magis
510 559 702 594 meretur
739 565 867 607 quam
899 551 1041 593 lectio.

114 704 152 742 1.
183 683 420 753 Domine’,
447 700 536 744 hoc
560 715 673 757 opus
693 708 763 744 est
778 701 974 756 perfecti
988 701 1071 742 viri
1086 732 1096 751 ,
1123 711 1352 753 nunquam

32 772 88 812 ab
104 772 358 814 intentione
385 774 654 816 coelestium
682 775 879 814 animum
901 774 1137 823 relaxare,
1166 777 1211 814 et
1233 773 1353 813 inter

31 842 196 883 multas
216 855 347 884 curas
367 845 497 898 quasi
514 845 611 886 sine
631 857 742 886 cura
757 845 976 894 transire,
1003 856 1095 884 non
1111 855 1239 884 more
1259 847 1352 883 tor-

31 914 196 966 pentis,
208 914 289 954 sed
306 916 631 968 praerogativa
645 915 841 970 quadam
859 914 1033 954 liberae
1051 915 1229 964 mentis,
1241 912 1355 953 nulli

34 987 274 1025 creaturae
290 983 553 1025 inordinata
571 983 817 1026 affectione
837 983 1145 1024 adhaerendo.

114 1054 155 1092 2.
190 1054 393 1095 Obsecro
412 1059 472 1108 te,
491 1056 694 1109 piissime
713 1056 840 1096 Deus
857 1068 1001 1105 meus,
1019 1066 1266 1108 praeserva
1282 1066 1355 1094 me

33 1134 60 1163 a
85 1124 205 1164 curis
230 1122 364 1177 hujus
388 1125 534 1176 vitae,
558 1138 615 1167 ne
640 1126 773 1167 nimis
791 1125 1019 1179 impliee1·;
1055 1137 1081 1165 a
1105 1123 1259 1165 multis
1280 1136 1356 1164 ne·

32 1193 325 1234 cessitatibus
353 1196 581 1248 corporis,
608 1209 665 1237 ne
689 1196 925 1250 voluptate
954 1195 1131 1249 capim-3
1172 1194 1226 1235 ab
1258 1194 1355 1234 uni-

30 1264 177 1304 versis
204 1264 383 1305 animae
410 1265 682 1317 obstaculis,
710 1279 766 1307 ne
793 1266 1018 1307 molestiis
1044 1263 1217 1306 fractus
1244 1264 1356 1317 deji-

33 1334 141 1374 eiar.
198 1333 302 1375 Non
322 1334 423 1374 dico
444 1334 499 1375 ab
518 1333 588 1375 his
604 1336 757 1387 rebus,
778 1349 889 1390 quas
906 1340 1005 1376 toto
1027 1332 1197 1375 affectu
1215 1333 1357 1374 ambit

29 1405 207 1444 vanitas
224 1403 476 1454 mundana,
505 1405 587 1445 sed
605 1406 661 1446 ab
679 1404 748 1446 his
765 1408 964 1446 miseriis
976 1435 986 1455 ‚
1016 1417 1132 1459 quae
1157 1406 1353 1444 animam

30 1474 150 1515 servi
174 1474 243 1514 tui
267 1475 495 1515 communi
518 1475 764 1517 maledicto
783 1475 1077 1516 mortalitatis
1094 1473 1354 1528 poenaliter

29 1547 223 1597 gravant
241 1547 287 1584 et
300 1544 551 1595 retardant,
564 1558 620 1586 ne
630 1546 676 1585 in
687 1545 749 1586 lib
756 1549 947 1587 ertatem
958 1545 1158 1598 spiritus,
1172 1544 1351 1598 quoties

26 1612 228 1663 libuerit,
246 1613 401 1654 valeat
415 1615 621 1655 introire.

113 1682 153 1723 3.
187 1683 224 1724 Ο
242 1683 369 1724 Deus
388 1697 529 1735 meus,
544 1684 738 1726 dulcedo
756 1684 1021 1735 ineffabilis,
1033 1688 1160 1725 verte
1178 1682 1291 1724 mihi
1306 1685 1353 1723 in

31 1752 382 1793 amaritudinem
423 1766 600 1795 omnem
634 1755 999 1796 consolationem
1032 1754 1263 1796 carnalem
1296 1755 1351 1795 ab

2 1860 7 1865 ,
31 1827 323 1863 aeternorum
341 1835 497 1865 amore
514 1837 586 1865 me
606 1823 947 1866 abstrahentem
974 1828 1020 1865 et
1045 1823 1103 1864 ad
1120 1837 1169 1865 se
1185 1825 1350 1865 intuitu

32 1892 268 1946 cujusdam
282 1893 393 1933 boni
410 1893 696 1936 delectabilis
719 1896 976 1949 praesentis
1003 1894 1122 1935 male
1150 1893 1350 1935 allicien—

30 1966 137 2004 tem.
181 1963 284 2004 Non
302 1975 376 2004 me
391 1964 696 2015 vincat,Deus
714 1978 856 2016 meus,
874 1977 966 2005 non
981 1977 1054 2004 me
1072 1964 1226 2005 vineat
1243 1975 1348 2004 caro

33 2037 79 2073 et
94 2034 280 2088 sanguis
293 2064 305 2084 ‚
330 2045 423 2074 non
446 2047 518 2074 me
537 2033 739 2088 decipiat
752 2034 946 2075 mundus
973 2038 1019 2076 et
1031 2034 1185 2075 brevis
1204 2033 1354 2088 gloria

33 2104 155 2157 ejus,
187 2117 278 2145 non
309 2117 383 2146 me
415 2104 679 2157 supplantet
702 2104 913 2146 diabolus
942 2108 988 2145 et
1019 2104 1190 2145 astutia
1212 2103 1352 2143 illius.

33 2174 106 2214 Da
121 2173 230 2214 mihi
249 2174 564 2215 fortitudinem
580 2176 848 2226 resistendi,
869 2176 1137 2230 patientiam
1153 2173 1352 2214 toleran-

34 2240 102 2294 di,
155 2246 456 2286 constantiam
496 2246 840 2298 perseverandi.
913 2246 987 2287 Da
1020 2258 1102 2299 pro
1147 2244 1352 2285 omnibus

993 2317 1013 2355 Ῐ
