1530 2517
153 95 204 136 16
557 97 640 133 DE
671 96 1072 135 IMITATIONE

600 322 860 367 CAPUT
921 320 1024 366 XI.

293 433 363 475 De
398 447 509 488 pace
542 435 811 489 acquirenda
846 442 889 476 et
920 436 1011 476 zelo
1039 431 1318 489 proficiendi.

228 585 268 623 1.
299 566 508 625 Bffultam
531 596 771 637 possemus
795 597 956 637 pacem
981 583 1176 634 habere,
1202 583 1244 623 si
1260 593 1351 622 non
1374 579 1466 621 vel-

144 655 291 698 lemus
331 670 416 699 nos
457 672 558 699 cum
590 661 786 701 aliorum
817 660 950 702 dictis
984 666 1030 702 et
1060 660 1217 710 factis,
1260 672 1376 714 quae
1410 659 1468 698 ad

144 731 350 767 nostram
375 741 529 769 curam
553 743 645 771 non
668 735 901 784 spectant,
922 742 1162 784 occupare.
1223 729 1465 779 Quomodo

143 802 300 849 potest
323 797 402 839 ille
428 798 506 839 diu
529 800 575 838 in
599 812 714 853 pace
737 813 947 851 manere,
981 801 1058 856 qui
1083 799 1245 841 alienis
1273 799 1391 840 curis
1417 811 1467 839 se

142 868 450 918 1ntermiscet,
485 870 563 922 qui
589 871 856 911 occasiones
881 869 1137 911 forinsecus
1164 870 1363 924 quaerit,
1392 868 1491 927 quis¹

144 948 307 989 parum
330 937 405 978 vel
429 950 536 979 raro
556 952 606 979 se
631 940 905 981 intrinsecus
924 938 1128 994 colligit'}
1146 940 1282 981 Beati
1298 937 1467 991 simpli-

147 1018 238 1056 ces,
258 1008 474 1060 quoniam
489 1009 679 1049 multam
694 1022 854 1063 pacem
873 1009 1116 1051 habebunt.

229 1091 270 1129 2.
305 1090 458 1139 Quare
478 1091 662 1145 quidam
686 1091 957 1134 Sanctorum
972 1099 1066 1133 tam
1090 1092 1286 1147 perfecti
1304 1096 1349 1133 et
1366 1104 1468 1132 con—

144 1159 399 1212 templativi
414 1159 625 1202 fueruntit
645 1163 763 1212 Quia
781 1164 963 1204 omnino
983 1177 1033 1204 se
1048 1165 1175 1217 ipsos
1191 1161 1469 1203 mortificare

147 1229 203 1269 ab
232 1230 439 1271 omnibus
464 1234 659 1272 terrenis
687 1233 927 1274 desideriis
960 1233 1250 1281 studuerunt,
1286 1235 1332 1272 et
1360 1231 1467 1271 ideo

147 1299 255 1339 totis
273 1299 484 1341 medullis
503 1302 653 1342 cordis
671 1302 773 1343 Deo
798 1301 1040 1344 inhaerere
1060 1307 1195 1356 atque
1219 1301 1364 1341 libere
1382 1301 1469 1341 sibi

144 1380 311 1409 vacare
328 1374 588 1422 potuerunt.
648 1371 745 1412 Nos
761 1372 949 1412 nimium
974 1384 1249 1425 occupamur
1272 1361 1469 1424 propriis

145 1439 438 1490 passionibus
479 1444 525 1481 et
563 1440 619 1481 de
660 1442 940 1482 transitoriis
977 1443 1111 1482 nimis
1151 1441 1467 1482 sollicitamur.

144 1508 268 1549 Raro
303 1510 441 1550 etiam
471 1522 609 1550 unum
639 1511 798 1550 vitium
828 1510 1033 1564 perfecte
1066 1512 1299 1560 vincimus,
1334 1515 1380 1550 et
1411 1508 1467 1549 ad

146 1579 463 1632 quotidianum
478 1579 837 1633 profectumnon
855 1580 1164 1621 accendimur:
1183 1580 1290 1621 ideo
1310 1578 1469 1633 frigidi

145 1653 192 1688 et
206 1648 671 1701 tepidiremanemus.

227 1731 267 1771 3.
302 1731 352 1772 Si
379 1744 581 1774 essemus
606 1734 738 1774 nobis
763 1734 875 1787 ipsis
899 1733 1104 1788 perfecte
1128 1734 1298 1774 mortui
1324 1739 1370 1775 et
1399 1734 1465 1773 in-

141 1801 285 1841 terius
302 1802 485 1843 minime
501 1804 744 1856 implicati,
769 1808 877 1845 tunc
892 1816 1130 1857 possemus
1158 1805 1295 1862 etiam
1313 1803 1466 1843 divina

143 1884 307 1924 sapere
327 1877 373 1913 et
389 1873 445 1913 de
457 1874 648 1913 coelesti
666 1873 1049 1927 contemplatione
1061 1873 1233 1928 aliquid
1251 1873 1462 1926 experiri.

142 1942 314 1981 Totum
332 1947 378 1982 et
392 1943 636 1982 maximum
653 1943 1027 1997 impedimentum
1045 1949 1134 1994 est,
1162 1944 1269 1998 quia
1284 1955 1375 1983 non
1392 1956 1460 1983 su-

142 2024 241 2051 mus
261 2024 288 2051 a
304 2013 594 2065 passionibus
613 2017 659 2053 et
676 2013 1055 2066 concupiscentiis
1080 2013 1237 2063 liberi,
1263 2025 1348 2053 nec
1364 2025 1464 2065 per·

142 2079 314 2121 sectam
339 2081 611 2122 Sanctorum
635 2083 754 2121 viam
781 2094 998 2123 conamur
1013 2083 1208 2136 ingredi.
1270 2082 1461 2130 Quando

146 2151 284 2190 etiam
300 2151 532 2192 modicum
557 2151 846 2192 adversitatis
866 2154 1085 2203 occurrit,
1111 2153 1243 2191 nimis
1269 2152 1359 2191 cito
1387 2151 1462 2192 de—

141 2221 327 2275 jicimur
345 2227 391 2262 et
408 2221 466 2262 ad
483 2220 702 2262 humanas
722 2222 1061 2264 consolationes
1081 2222 1397 2264 convertimur.
