1530 2517
274 73 534 111 CHRISTI
591 72 701 110 Lm.
735 73 802 108 ΙΙΙ.
839 73 960 109 ΟΑΡ.
997 75 1061 110 32.
1081 76 1146 111 33.
1275 77 1354 114 141

401 334 666 381 CAPUT
726 335 999 383 XXXHI.

116 451 185 505 De
216 450 508 493 instabilitate
541 449 685 491 cordis
718 457 761 492 et
791 450 840 490 de
871 450 1114 492 intent-ione
1134 451 1275 506 finali

449 520 507 561 ad
537 518 681 560 Deum
714 519 929 560 habenda.

108 674 147 713 1.
179 653 303 722 Fili,
331 669 427 711 noli
451 667 639 710 credere
666 666 853 709 affectui
878 673 980 719 tuo;
1014 671 1089 724 qui
1121 684 1238 711 nunc
1265 675 1349 727 est,

26 741 117 782 cito
136 739 386 780 mutabitur
401 737 448 777 in
466 735 605 776 aliud.
668 735 896 785 Quamdiu
913 737 1103 788 vixeris,
1124 739 1350 780 mutabili-

23 810 110 851 tati
127 810 359 864 subJectus
379 820 443 858 eS,
456 807 595 848 etiam
610 806 792 847 nolens:
812 811 863 847 ut
877 807 1015 847 modo
1035 806 1199 859 laetus,
1211 808 1348 849 modo

24 881 189 931 tristis,
206 878 346 920 modo
365 882 578 932 pacatus,
597 875 736 917 modo
755 877 985 928 turbatus,
1004 890 1124 918 nunc
1141 877 1349 929 devotus,

22 964 142 991 nunc
155 949 415 998 indevotus,
427 961 547 988 nunc
563 945 812 997 studiosus,
825 959 943 987 nunc
961 946 1218 999 acediosus,
1231 962 1350 990 nunc

23 1021 198 1075 gravis,
223 1031 342 1060 nunc
365 1017 481 1058 levis
506 1016 770 1057 inveniaris.
833 1016 925 1059 Sed
957 1021 1050 1058 stat
1072 1030 1211 1072 super
1234 1017 1351 1060 haec

20 1090 260 1132 mutabilia
283 1089 468 1142 sapiens
495 1092 540 1129 et
555 1088 674 1128 bene
692 1086 854 1127 doctus
879 1088 925 1127 in
951 1088 1138 1141 spiritu,
1164 1101 1256 1129 non
1283 1094 1347 1130 at-

21 1159 237 1210 tendens,
264 1158 373 1213 quid
389 1159 437 1200 in
461 1170 511 1199 se
536 1158 707 1198 sentiat
728 1157 802 1198 vel
828 1170 918 1212 qua
935 1163 1064 1211 parte
1083 1157 1163 1200 flet
1186 1165 1346 1201 ventus

18 1230 334 1273 instabilitatis
346 1260 360 1280 ,
386 1227 470 1269 sed
493 1231 544 1268 ut
560 1231 661 1268 tota
676 1227 870 1268 intentio
888 1229 1055 1269 mentis
1074 1229 1173 1282 ejus
1193 1229 1251 1270 ad
1269 1229 1346 1271 de-

19 1302 164 1342 bitum
190 1304 236 1341 et
260 1299 480 1353 optimum
507 1298 721 1352 proficiat
744 1298 894 1338 finem.
953 1298 1071 1340 Nam
1091 1299 1158 1340 sic
1174 1300 1348 1354 poterit

19 1384 135 1413 unus
154 1375 200 1412 et
215 1369 339 1411 idem
354 1369 745 1422 inconcussusque
762 1380 1049 1422 permanere,
1068 1369 1265 1424 simplici
1280 1371 1347 1410 in-

19 1441 238 1484 tentionis
257 1439 392 1482 oculo
411 1451 494 1493 per
509 1442 580 1479 tot
596 1438 750 1479 varios
770 1443 957 1480 eventus
982 1438 1039 1480 ad
1061 1452 1134 1481 me
1151 1440 1347 1494 imprae-

17 1512 232 1554 termisse
250 1510 442 1552 directo.

102 1584 143 1622 2.
178 1581 360 1631 Quanto
381 1583 534 1621 autem
549 1578 710 1632 purior
726 1576 868 1620 fuerit
885 1580 1152 1622 intentionis
1171 1582 1347 1633 oculus,

19 1657 148 1694 tanto
176 1651 460 1693 constantius
481 1649 602 1690 inter
620 1648 825 1690 diversas
842 1649 934 1690 itur
950 1650 1194 1702 procellas.
1256 1651 1349 1694 Sed

19 1723 66 1764 in
82 1721 237 1763 multis
257 1721 430 1776 caligat
447 1711 606 1760 oculus
623 1731 766 1773 purae
782 1719 1069 1761 intentionis:
1101 1722 1348 1775 respicitur

22 1793 142 1835 enim
183 1792 273 1834 cito
313 1792 361 1832 in
403 1788 593 1845 aliquod
630 1789 927 1841 delectabile,
968 1790 1091 1845 quod
1133 1793 1346 1833 occurrit.

20 1863 139 1905 Nam
165 1866 211 1904 et
233 1873 341 1902 raro
366 1864 492 1902 totus
519 1859 636 1901 liber
655 1860 757 1914 quis
774 1860 1003 1901 invenitur
1028 1873 1055 1902 a
1078 1874 1225 1903 naevo
1242 1875 1348 1918 pro-

20 1933 152 1987 priae
199 1931 533 1986 exquisitionis.
604 1929 681 1972 Sic
710 1929 875 1971 Judaei
910 1930 1020 1972 olim
1049 1939 1272 1974 venerant
1301 1934 1349 1973 in

21 2001 297 2044 Bethaniam
331 2001 390 2042 ad
412 1998 645 2042 Martham
678 2004 723 2040 et
744 2000 943 2041 Mariam
976 2014 1082 2042 non
1114 2015 1213 2057 pro
1225 2008 1352 2057 pter

21 2074 210 2115 Jesum
255 2076 493 2122 tantum,
541 2069 644 2112 sed
690 2074 744 2111 et
788 2074 848 2110 ut
885 2071 1163 2114 Lazarum
1202 2073 1351 2115 vide-

118 2214 139 2244 2
179 2211 313 2244 Joann.
336 2213 392 2250 12,
407 2211 427 2244 9
