1530 2517
134 117 188 158 60
533 119 616 155 DE
657 118 1055 156 IMITATIONE

130 215 186 255 de
213 214 315 255 aliis
346 219 484 255 tacet.
544 215 787 269 Nunquam
812 215 902 257 eris
934 215 1138 255 internus
1172 219 1219 256 et
1243 214 1449 265 devotus,

127 286 217 326 nisi
235 285 290 326 de
309 285 472 326 alienis
504 285 687 326 silueris
707 290 752 327 et
770 285 829 326 ad
851 289 896 326 te
922 285 1072 338 ipsum
1103 285 1368 338 specialiter
1382 298 1453 326 re-

128 355 350 408 spexeris.
412 354 461 396 Si
477 355 563 395 tibi
581 360 626 396 et
641 356 742 397 Deo
760 355 969 397 totaliter
984 355 1183 396 intendis
1195 385 1207 406 ,
1225 355 1455 396 modicum

124 430 171 464 te
189 425 404 475 movebit,
425 425 546 479 quod
563 424 679 466 foris
695 426 910 480 percipis.
969 425 1057 466 Ubi
1076 438 1124 466 es
1136 455 1148 476 ,
1169 424 1350 479 quando
1367 425 1453 465 tibi

125 495 213 547 ipsi
237 507 456 547 praesens
481 507 573 535 non
601 494 676 537 es‘}
706 496 767 536 Et
791 495 971 550 quando
1002 495 1154 535 omnia
1170 495 1452 548 percurristi,

127 562 236 617 quid
259 568 306 604 te
331 564 541 618 neglecto
567 564 835 619 profecisti‘.l
861 565 911 607 Si
936 565 1076 606 debes
1102 563 1273 605 habere
1291 576 1452 618 pacem

126 638 173 673 et
187 634 404 675 unionem
420 647 598 685 veram,
626 640 831 688 oportet,
860 633 982 689 quod
998 638 1146 675 totum
1164 632 1313 674 adhuc
1327 638 1451 687 post-

122 715 269 756 ponas
289 707 335 744 et
350 708 397 744 te
416 703 565 744 solum
580 716 691 758 prae
712 705 856 746 oculis
876 703 1064 745 habeas.

207 772 248 812 3.
278 773 475 813 Multum
504 774 696 827 proinde
728 776 966 828 proficies,
1000 774 1040 814 si
1071 777 1116 814 te
1148 771 1364 814 feriatum
1396 772 1452 812 ab

126 843 250 882 omni
273 843 520 896 temporali
546 856 655 885 cura
680 857 940 886 conserves.
999 843 1150 886 Valde
1177 842 1386 892 deficies,
1413 841 1454 881 si
1488 886 1490 888 v

127 911 301 966 aliquid
317 914 574 966 temporale
588 915 892 968 reputaveris.
951 913 1030 955 Nil
1044 925 1282 966 magnum,
1309 910 1373 951 nil
1391 910 1454 950 al-

126 987 222 1022 tum
232 1013 244 1033 ,
269 982 334 1022 nil
350 987 545 1036 gratum,
563 983 629 1023 nil
646 989 883 1038 acceptum
899 984 984 1025 tibi
1000 984 1074 1033 sit,
1092 982 1180 1023 nisi
1196 994 1309 1036 pure
1325 982 1453 1022 Deus

128 1057 208 1092 aut
231 1052 288 1093 de
318 1053 421 1094 Deo
455 1053 529 1093 sit.
589 1053 759 1093 Totum
782 1067 948 1095 vanum
975 1053 1208 1103 existima,
1236 1050 1456 1106 quidquid

129 1122 460 1163 consolationis
494 1123 694 1164 occurrit
725 1123 782 1165 de
815 1124 970 1178 aliqua
1003 1127 1229 1164 creatura.
1288 1122 1455 1162 Amans

127 1193 278 1234 Deum
296 1192 446 1232 anima
463 1192 545 1233 sub
556 1192 660 1233 Deo
681 1192 876 1247 despicit
891 1193 1120 1233 universa.
1181 1191 1455 1234 SolusDeus

131 1267 343 1303 aeternus
363 1265 409 1302 et
425 1261 694 1313 immensus,
712 1263 907 1317 implens
926 1262 1101 1313 omnia,
1127 1258 1343 1301 solatium
1362 1271 1454 1298 anl-

130 1344 231 1372 mae
251 1337 297 1373 et
312 1343 422 1372 vera
441 1331 591 1373 cordis
609 1331 803 1373 laetitia.

588 1769 845 1817 CAPUT
909 1769 1009 1813 Vl.

401 1884 471 1927 De
505 1884 679 1927 laetitia
711 1883 850 1925 bonae
883 1882 1189 1925 conscientiae.

219 2034 260 2074 1.
293 2016 470 2075 Gloria
493 2034 603 2075 boni
627 2032 824 2074 hominis
849 2034 1163 2074 testimonium
1185 2032 1336 2072 bonae
1354 2042 1458 2072 con-

137 2106 371 2147 scientiae.
430 2106 566 2148 Habe
596 2106 766 2147 bonam
799 2104 1149 2155 conscientiam,
1185 2107 1231 2144 et
1268 2101 1459 2143 habebis

138 2188 319 2230 semper
356 2175 594 2217 laetitiam.
653 2176 786 2218 Bona
825 2174 1106 2216 conscientia
1143 2173 1278 2214 valde
1317 2171 1461 2212 multa

137 2252 292 2299 potest
307 2252 495 2301 portare
515 2252 560 2287 et
576 2246 709 2287 valde
726 2245 850 2286 laeta
868 2249 937 2286 est
952 2245 1073 2285 inter
1091 2243 1298 2284 adversa.
1335 2242 1461 2283 Mala
