1530 2517
143 161 191 191 V1
512 148 723 185 INDEX
751 148 1082 184 LIBRORUM

1358 242 1451 284 Pag.

142 307 236 351 Cap.
252 304 361 338 XVI.
390 304 444 337 De
465 303 684 337 sufferentia
704 303 914 336 defectuum
932 301 1087 336 aliorum
1110 325 1359 335 .....
1409 305 1455 335 24

165 392 187 407 „
236 364 366 399 XVII.
395 365 452 398 De
469 364 676 397 monastica
691 364 769 395 vita
814 385 1360 396 ..........
1410 364 1454 395 25

163 453 186 468 „
212 425 363 460 XVIII.
391 424 449 457 De
467 421 653 467 exemplis
672 426 882 455 sanctorum
898 421 1057 455 Patrum
1115 444 1359 455 .....
1411 424 1455 455 26

178 512 187 528 ,
249 484 364 519 XIX.
389 484 448 518 De
467 483 660 517 exercitiis
677 483 765 515 boni
781 481 951 524 religiosi
993 505 1361 515 .......
1411 485 1454 516 29

267 543 361 579 XX.
389 545 447 578 De
466 554 590 577 amore
608 541 820 576 soiitudinis
838 544 876 575 et
893 541 1035 575 silentii
1058 566 1360 575 ......
1410 545 1455 576 32

179 632 188 647 ,
249 604 365 639 XXI.
392 605 450 639 De
469 603 749 648 compunctione
768 602 891 635 cordis
932 624 1360 636 ........
1410 606 1453 636 35

165 692 188 708 ,,
228 665 362 700 ΧΧΠ.
390 664 447 698 De
466 663 762 698 consideratione
779 662 960 696 humanae
983 663 1155 697 miseriae
1174 686 1183 694 .
1234 687 1242 694 .
1294 688 1302 696 .
1352 686 1360 694 .
1410 666 1453 696 37

164 752 186 767 „
210 725 363 760 XXIII.
389 725 448 759 De
465 724 709 758 meditatione
726 723 856 756 mortis
876 745 1362 756 .........
1409 727 1453 756 40

165 813 188 828 ‚,
214 785 366 821 XXIV.
391 784 451 819 De
465 783 609 827 judicio
629 786 667 817 et
682 783 813 827 poenis
829 786 1067 826 peccatorum
1117 807 1361 818 .....
1408 787 1455 817 44

167 874 189 889 ,‚
233 846 363 881 XXV.
390 846 448 879 De
467 844 626 878 ferventi
645 843 903 878 emendatione
921 844 1036 878 totius
1052 844 1150 878 vitae
1168 846 1318 878 nostrae
1353 869 1360 876 .
1409 846 1453 877 4⁶1
1485 836 1488 846 ²

552 1183 902 1236 LIBER
970 1184 1048 1235 II.

356 1312 686 1355 Admonitiones
718 1313 779 1353 ad
805 1310 981 1353 interna
1013 1311 1247 1354 trahentes.

150 1436 243 1481 Cap.
333 1435 366 1471 Ι.
393 1438 451 1471 De
469 1437 617 1471 interna
634 1436 913 1470 conversatione
939 1460 1364 1472 ........
1413 1442 1458 1472 52

315 1497 366 1531 II.
393 1497 452 1533 De
470 1496 600 1531 humili
619 1497 861 1531 submissione
874 1521 883 1528 .
935 1521 943 1529 -.
997 1521 1362 1531 .......
1413 1502 1455 1532 55

293 1557 366 1591 ΠΙ.
394 1558 451 1592 De
469 1558 565 1591 bono
582 1557 740 1602 pacifico
758 1557 903 1591 homine
940 1581 1362 1591 ........
1413 1561 1455 1592 56

298 1616 367 1651 IV.
394 1617 452 1651 De
471 1628 564 1662 pura
580 1622 702 1651 mente
722 1621 760 1652 et
777 1616 939 1661 simplici
956 1619 1162 1652 intentione
1177 1645 1184 1651 .
1236 1643 1243 1649 .
1295 1644 1302 1651 .
1354 1643 1361 1650 .
1413 1623 1456 1653 58

316 1676 364 1710 V.
392 1677 449 1711 De
467 1679 622 1723 propria
640 1678 936 1711 consideratione
998 1702 1362 1712 .......
1413 1683 1456 1714 59

300 1737 368 1771 VI.
397 1738 453 1771 De
471 1737 619 1772 laetitia
635 1739 754 1772 bonae
774 1738 1020 1771 conscientiae
1059 1764 1066 1771 .
1115 1762 1123 1769 .
1177 1763 1184 1769 .
1237 1765 1244 1772 .
1274 1782 1277 1783 ⁷
1295 1766 1302 1773 .
1355 1764 1362 1771 .
1413 1743 1457 1774 60

280 1798 368 1831 VII.
395 1799 453 1832 De
472 1809 594 1832 amore
613 1798 705 1832 Jesu
722 1809 833 1841 super
850 1800 970 1831 omnia
997 1823 1361 1833 .......
1414 1803 1458 1834 62

167 1883 191 1898 „
259 1857 367 1891 VIH.
394 1858 452 1892 De
469 1857 649 1891 familiari
666 1858 830 1891 amicitia
847 1858 938 1892 Jesu
997 1883 1363 1894 .......
1413 1865 1458 1895 64

295 1917 366 1951 Dc,
393 1919 451 1952 De
469 1918 636 1952 carentia
654 1918 771 1951 omnis
788 1917 915 1951 solatii
933 1941 1362 1952 ........
1414 1924 1457 1955 66

314 1976 366 2011 X.
393 1978 450 2012 De
469 1978 693 2021 gratitudine
711 1989 778 2021 pro
797 1980 918 2021 gratia
935 1980 1009 2012 Dei
1057 2004 1363 2014 ......
1414 1984 1457 2015 69

293 2037 365 2072 XI.
392 2038 450 2071 De
468 2039 658 2082 paucitate
676 2040 880 2072 amatorum
898 2041 1017 2073 crucis
1035 2040 1123 2074 Jesu
1176 2067 1184 2074 .
1236 2067 1243 2074 .
1292 2064 1302 2073 .
1353 2066 1361 2073 .
1412 2045 1457 2075 72

277 2097 368 2132 XII.
395 2098 452 2132 De
469 2099 573 2140 regia
588 2099 650 2131 via
667 2101 818 2132 sanctae
837 2101 956 2133 crucis
994 2123 1360 2133 .......
1412 2105 1457 2136 74
