1530 2517
286 122 547 160 CHRISTI
604 123 711 158 Llss.
744 123 811 159 111.
845 123 966 158 CAP.
999 124 1064 159 19.
1084 123 1149 159 20.
1295 119 1374 159 115

50 217 383 272 quantumlibet
406 231 618 273 parvum,
644 231 727 273 pro
753 219 855 260 Deo
882 223 1034 259 tamen
1058 230 1266 272 passum,
1292 230 1371 271 po-

49 288 158 329 terit
173 287 271 329 sine
289 289 453 330 merito
471 290 683 330 transire.

130 357 171 398 4.
201 358 314 399 Esto
332 359 488 413 itaque
507 358 746 412 expeditus
765 358 823 399 ad
839 370 1052 413 pugnam,
1065 359 1105 399 si
1113 361 1181 399 vis
1197 357 1368 400 habere

40 427 296 469 victoriam.
359 428 467 471 Sine
494 428 743 471 certamine
768 441 859 469 non
880 433 1014 482 potes
1032 429 1188 470 venire
1215 428 1274 469 ad
1290 440 1368 482 pa-

39 495 231 538 tientiae
264 511 496 540 coronam.
555 498 605 542 Si
621 499 718 553 pati
732 512 824 540 non
839 499 923 551 viS,
935 510 1123 540 recusas
1142 499 1370 540 coronari.

41 565 90 608 Si
111 572 265 609 autem
286 570 500 611 coronari
519 569 780 621 desideras,
808 574 933 613 certa
948 569 1166 620 viriliter,
1195 569 1367 610 sustine

39 637 283 690 patienter.
333 638 442 682 Sine
459 640 620 682 labore
637 652 730 681 non
746 640 950 681 tenditur
968 639 1026 681 ad
1040 639 1265 693 requiem,
1283 651 1368 680 nec.

40 707 139 749 sine
155 721 309 763 pugna
324 711 589 764 pervenitur
606 710 664 752 ad
679 711 933 753 victoriam.

123 778 164 818 5.
194 779 315 831 Fiat,
326 780 541 833 Domine,
551 780 664 822 mihi
679 780 901 835 possibile
918 793 1002 834 per
1018 780 1230 835 gratiam,
1245 779 1368 834 quod

40 846 152 888 mihi
167 849 452 903 impossibile
470 852 651 894 videtur
665 864 748 906 per
763 854 988 892 naturam.
1038 851 1110 890 Tu
1127 850 1231 901 scis,
1245 850 1367 904 quod

40 918 270 960 modicum
286 933 474 974 possum
491 923 615 975 pati,
638 926 689 963 et
701 921 825 976 quod
851 922 942 964 cito
963 920 1159 974 dejicior
1174 919 1265 961 levi
1292 931 1366 960 ex-

40 995 258 1043 surgente
304 991 599 1033 adversitate.
674 991 915 1033 Efficiatur
968 989 1078 1032 mihi
1136 989 1369 1044 quaelibet

42 1060 311 1102 exercitatio
329 1062 640 1104 tribulationis
657 1075 742 1117 pro
768 1063 951 1103 nomine
976 1067 1056 1102 tuo
1085 1060 1295 1101 amabilis
1324 1064 1370 1100 et

43 1130 280 1183 optabilis:
321 1144 426 1173 nam
460 1133 555 1186 pati
588 1138 636 1174 et
655 1133 815 1174 vexari
839 1145 922 1186 pro
949 1137 995 1174 te
1021 1130 1156 1176 valde
1183 1130 1366 1172 salubre

41 1204 113 1241 est
129 1201 307 1244 animae
325 1215 471 1245 meae.

470 1642 741 1690 CAPUT
797 1644 928 1689 XX·

123 1753 190 1795 De
230 1755 500 1810 confessione
528 1757 740 1811 propriae
771 1756 1046 1814 infirmitatis
1080 1765 1120 1799 et
1152 1758 1278 1813 hujus

525 1827 637 1868 vitae
668 1827 868 1869 miseriis.

120 1978 159 2017 1.
194 1960 549 2021 Confitebor
579 1981 873 2022 adversum
902 1993 983 2022 me
1008 1982 1352 2036 injustitiam

36 2059 76 2086 m
90 2060 113 2088 e
125 2061 203 2089 am
216 2063 228 2098 ς
254 2052 510 2094 confitebor
524 2054 623 2104 nbi,
634 2054 846 2102 Domine,
865 2055 1175 2097 infirmitatem
1192 2069 1355 2097 meam.

37 2118 186 2171 Saepe
219 2132 360 2172 parva
381 2134 457 2163 res
486 2128 577 2173 est,
605 2136 721 2177 quae
748 2137 819 2165 me
847 2125 1003 2179 dejici-t
1029 2133 1075 2167 et
1100 2128 1352 2168 contristat.

129 2261 159 2291 1.
187 2258 328 2293 Psalm.
349 2264 390 2295 31
413 2262 507 2307 (32),
527 2264 560 2296 6.

914 2327 957 2366 H
988 2329 1012 2366 2
