1530 2517
275 100 537 138 cnms‘m
594 89 703 136 Lm.
734 100 811 148 111„
837 101 960 136 cst.
993 100 1057 134 24.
1077 100 1141 135 25.
1288 99 1365 139 127

456 305 714 351 CAPUT
776 307 959 351 XXV.

113 421 168 463 In
204 420 357 476 quibus
380 420 523 476 firma
549 433 643 474 pax
676 420 820 460 cordis
851 428 893 461 et
923 433 1048 461 verus
1075 420 1306 476 profectus

601 489 814 530 consistit.

132 626 171 666 1.
202 607 332 676 Fili,
367 637 454 680 ego
488 625 668 665 locutus
700 637 819 665 sum:
868 625 1066 666 Pacem
1104 623 1369 678 relinquo

49 700 232 751 vobis,
280 712 473 754 pacem
521 711 693 739 meam
741 698 807 739 do
856 699 1040 739 vobis:
1097 709 1206 738 non
1247 709 1371 751 quo-

49 770 211 811 modo
258 769 488 810 mundus
536 769 652 819 dat,
703 780 805 822 ego
847 768 913 809 do
953 768 1131 809 vobis.
1202 767 1372 808 Pacem

50 852 206 881 omnes
233 839 517 889 desiderant,
544 838 627 881 sed
652 850 768 893 quae
795 837 853 878 ad
876 851 1032 879 veram
1057 850 1217 891 pacem
1233 837 1372 890 perti-

49 914 170 960 nent,
188 922 280 950 non
298 922 455 950 omnes
474 913 648 950 curant.
707 908 806 949 Pax
821 920 924 949 mea
941 921 1042 949 cum
1059 907 1304 948 humilibus
1329 912 1374 947 et

49 980 301 1020 mansuetis
327 978 480 1020 corde.
540 978 639 1019 Pax
668 982 749 1018 tua
782 979 869 1019 erit
891 979 938 1018 in
964 978 1109 1018 multa
1132 978 1370 1031 patientia.

52 1049 100 1091 Si
117 1062 190 1090 me
208 1049 408 1090 audieris
428 1054 474 1090 et
490 1061 650 1089 vocem
665 1060 815 1089 meam
833 1054 1015 1090 secutus
1026 1048 1185 1098 fueris,
1197 1048 1371 1101 poteris

49 1119 194 1160 multa
210 1132 322 1173 pace
339 1119 446 1161 frui.

135 1192 175 1230 2.
210 1190 331 1240 Quid
345 1191 489 1245 igitur
504 1188 702 1232 faciam?

136 1260 176 1300 3.
206 1260 257 1300 In
277 1260 400 1301 omni
414 1273 466 1301 re
486 1260 670 1301 attende
687 1260 796 1309 tibi,
823 1258 931 1313 quid
946 1258 1093 1300 facias
1121 1264 1166 1300 et
1185 1258 1292 1313 quid
1312 1258 1376 1298 di-

54 1340 154 1379 cas,
182 1335 228 1369 et
253 1342 433 1371 omnem
456 1330 757 1371 intentionem
780 1334 907 1370 tuam
932 1329 991 1370 ad
1013 1328 1103 1370 hoc
1125 1328 1296 1382 dirige,
1330 1333 1379 1368 ut

53 1397 271 1440 mihi-soli
288 1400 496 1453 placeas,
524 1404 571 1440 et
596 1404 727 1440 extra
749 1412 823 1440 me
840 1397 955 1440 nihil
976 1400 1132 1453 cupias
1148 1399 1223 1439 vel
1241 1410 1378 1452 quae-

51 1480 144 1509 ras.
205 1468 299 1511 Sed
325 1475 371 1511 et
395 1470 451 1511 de
479 1469 675 1510 aliorum
701 1469 933 1511 dictis-vel
949 1469 1087 1510 factis
1113 1468 1180 1509 nil
1202 1473 1377 1509 temere

49 1538 246 1593 Judices,
257 1552 343 1581 nec
360 1553 461 1581 cum
476 1540 614 1582 rebus
624 1540 709 1581 tibi
725 1552 816 1580 non
827 1540 1082 1580 commissis
1091 1544 1137 1580 te
1148 1538 1376 1592 implices:

54 1616 102 1649 et
130 1610 303 1662 poterit
333 1611 456 1660 fieri,
490 1615 540 1650 ut
564 1622 724 1663 parum
747 1610 823 1651 vel
849 1622 957 1650 raro
980 1610 1194 1650 turberis.
1253 1607 1377 1650 Nun-

55 1690 191 1732 quam
208 1684 360 1720 autem
371 1681 541 1721 sentise
554 1680 677 1734 aliqu
683 1693 754 1720 am
763 1680 865 1721 turb
871 1681 931 1720 ati
939 1692 1072 1720 onem
1082 1691 1167 1720 nec
1178 1679 1377 1733 aliquam

52 1749 150 1801 pati
168 1749 318 1791 cordis
329 1750 405 1791 vel
422 1750 629 1803 corporis
646 1750 922 1800 molest-iam,
932 1762 1025 1790 non
1043 1749 1377 1803 estpraesentis

52 1820 295 1872 temporis,
328 1819 412 1861 sed
443 1824 588 1860 status
622 1823 837 1860 aeternae
870 1821 1052 1874 quietis.
1124 1818 1231 1860 Non
1264 1830 1374 1872 ergo

55 1890 270 1930 aestimes
286 1894 333 1930 te
349 1902 505 1932 veram
521 1901 682 1943 pacem
697 1890 926 1931 invenisse
937 1920 949 1940 ‚
976 1890 1017 1930 si
1035 1889 1207 1929 nullam
1223 1901 1375 1930 sense-

52 1960 116 2000 ris
134 1960 407 2014 gravitatem
418 1991 429 2011 ,
454 1973 540 2001 nec
555 1964 664 2001 tunc
677 1964 826 2001 totum
844 1973 945 2001 esse
961 1960 1153 2010 bonum,
1180 1959 1220 2000 si
1235 1959 1376 1999 nemi-

19 2030 29 2040 ‘
54 2042 158 2071 nem
174 2032 346 2084 pateris
367 2030 693 2082 adversarium,
719 2044 804 2072 nec
820 2029 907 2071 hoc
926 2043 1027 2071 esse
1045 2027 1315 2083 perfectum,
1337 2029 1375 2068 si

5 2129 8 2133 -
56 2106 218 2141 cuncta
243 2101 354 2141 fiant
378 2101 626 2141 secundum
648 2106 773 2140 tuum
803 2099 1032 2141 affectum.
1092 2099 1253 2152 Neque
1270 2103 1376 2139 tunc

152 2242 183 2272 1.
210 2238 348 2272 Joanu.
370 2244 424 2281 14,
444 2244 500 2274 2⁶1.
