1530 2517
182 119 262 160 175
598 124 679 160 DE
714 126 1102 164 IMITATIONE

629 382 889 428 CAPUT
952 385 1075 429 LII.

215 493 348 545 Quod
377 495 506 537 homo
541 510 630 537 non
662 503 841 551 reputet
869 510 913 538 se
948 498 1248 540 consolatione
1285 499 1481 556 dignum,

493 567 570 608 sed
600 567 743 622 magis
776 567 1026 609 verberibus
1060 582 1196 609 ream.

263 711 303 750 1·
333 695 573 766 Domine,
615 726 707 755 non
740 728 839 755 sum
873 714 1037 769 dignus
1078 716 1398 757 consolatione
1430 720 1510 756 tua

178 801 264 829 nec
282 789 438 843 aliqua
454 787 685 841 spirituali
700 787 982 840 visitatione,
1008 793 1054 829 et
1069 788 1175 829 ideo
1190 788 1314 841 juste
1331 800 1511 831 meeum

179 859 302 913 agis,
323 858 505 913 quando
524 870 598 899 me
614 859 802 912 inope-m
821 862 868 899 et
885 858 1146 899 desolatum
1160 857 1398 912 relinquis.
1461 848 1512 899 Si

183 930 302 969 enim
329 928 388 969 ad
409 928 556 968 instar
579 929 719 969 maris
737 928 968 982 lacrymas
986 926 1181 968 fundere
1198 940 1404 981 possem,
1433 928 1512 968 ad-

175 997 264 1040 huc
289 998 610 1040 consolatione
633 1003 715 1038 tua
733 998 898 1052 dignus
915 1010 1007 1038 non
1025 1009 1189 1038 essem.
1249 997 1379 1038 Unde
1397 996 1510 1038 nihil

178 1069 342 1123 dignus
360 1081 481 1120 sum,
510 1080 646 1122 quam
665 1067 896 1123 flagellari
920 1072 966 1109 et
980 1067 1154 1121 puniri,
1182 1068 1289 1121 quia
1305 1069 1510 1122 graviter

179 1144 225 1179 et
241 1151 382 1192 saepe
406 1143 454 1179 te
480 1136 655 1179 offendi
681 1143 727 1179 et
742 1139 789 1178 in
809 1138 964 1178 multis
981 1137 1115 1178 valde
1133 1137 1322 1192 deliqui.
1380 1138 1506 1193 Ergo

176 1222 287 1250 vera
302 1213 498 1263 pensata
512 1209 720 1259 ratione,
739 1222 826 1250 nec
840 1209 1030 1249 minima
1045 1220 1145 1249 sum
1163 1207 1327 1262 dignus
1346 1220 1508 1249 conso-

175 1279 366 1320 latione.
428 1278 523 1321 Sed
553 1283 627 1330 tu,
654 1279 856 1321 clemens
886 1284 932 1321 et
956 1279 1221 1319 misericors
1245 1278 1397 1330 Deus,
1432 1280 1510 1333 qui

175 1363 268 1391 non
291 1351 360 1391 vis
385 1349 538 1404 perire
566 1362 709 1404 opera
730 1354 835 1401 tua,
870 1349 930 1391 ad
963 1348 1295 1391 ostendendum
1326 1349 1509 1390 divitias

177 1421 398 1462 bonitatis
424 1426 532 1462 tuae
558 1421 606 1461 in
629 1433 743 1462 vasa
765 1420 1141 1471 misericordiae,
1169 1421 1308 1460 etiam
1325 1426 1510 1474 praeter

178 1504 312 1532 omne
337 1493 575 1545 proprium
598 1492 813 1532 meritum
839 1491 1043 1545 dignaris
1071 1490 1304 1531 consolari
1326 1503 1509 1532 servum

174 1567 302 1601 tuum
326 1574 466 1615 supra
483 1560 730 1602 humanum
747 1561 947 1602 modum.
1009 1562 1140 1601 Tuae
1160 1562 1280 1602 enim
1299 1561 1507 1603 consola-

174 1632 326 1672 tiones
343 1644 436 1672 non
453 1636 560 1672 sunt
575 1633 695 1674 sicut
711 1631 939 1673 humanae
958 1630 1375 1673 confabulationes.

257 1704 298 1742 2.
332 1702 454 1751 Quid
473 1703 569 1757 egi,
596 1703 821 1754 Domine,
846 1706 898 1743 ut
920 1700 1034 1742 mihi
1051 1700 1287 1743 conferres
1306 1702 1507 1757 aliquam
1527 1716 1530 1720 ·

174 1773 425 1813 coelestem
444 1770 839 1814 consolationem&
884 1772 984 1827 Ego
1003 1770 1119 1812 nihil
1133 1773 1244 1812 boni
1260 1785 1332 1813 me
1352 1773 1504 1827 egisse

170 1843 346 1893 recolo,
366 1842 449 1884 sed
468 1855 650 1896 semper
668 1843 728 1883 ad
744 1843 856 1884 vitia
872 1855 1068 1897 pronum
1086 1846 1133 1884 et
1149 1842 1208 1882 ad
1221 1842 1503 1883 emendatio-

169 1926 275 1954 nem
300 1914 482 1967 pigrum
507 1912 667 1954 fuisse.
727 1913 901 1955 Verum
927 1917 998 1954 est
1023 1917 1069 1953 et
1092 1925 1265 1966 negare
1288 1924 1381 1954 non
1397 1925 1501 1966 pos-

172 1996 286 2024 sum.
347 1983 398 2025 Si
415 1984 552 2024 aliter
569 1984 770 2025 dicerem
783 2014 795 2034 ,
813 1989 864 2024 tu
880 1987 1029 2025 stares
1049 1988 1209 2024 contra
1224 1995 1320 2033 me,
1349 1987 1395 2024 et
1410 1996 1500 2024 non

174 2058 299 2095 esset
315 2054 393 2108 qui
411 2053 696 2095 defenderet.
749 2053 869 2103 Quid
884 2054 1031 2095 merui
1047 2066 1131 2107 pro
1151 2053 1353 2107 peccatis
1370 2053 1501 2103 meis,

173 2125 262 2164 nisi
286 2123 518 2165 infernum
543 2130 589 2166 et
611 2125 765 2179 ignem
792 2121 1058 2165 aeternum‘}
1114 2124 1165 2165 In
1182 2122 1377 2163 veritate
1399 2135 1504 2163 oon⁷

174 2195 323 2245 fiteor,
343 2196 561 2250 quoniam
579 2194 744 2250 dignus
762 2207 863 2236 sum
882 2194 1007 2235 omni
1021 2192 1221 2234 ludibrio
1242 2202 1289 2233 et
1305 2198 1485 2234 contem

174 2272 245 2315 tu,
272 2278 357 2307 nec
382 2265 517 2307 decet
538 2278 612 2306 me
637 2265 758 2307 inter
781 2269 887 2305 tuos
918 2263 1111 2305 devotos
1137 2262 1500 2304 commemorari.
