<?xml version="1.0" encoding="UTF-8"?>
<!DOCTYPE html PUBLIC "-//W3C//DTD XHTML 1.0 Transitional//EN"
    "http://www.w3.org/TR/xhtml1/DTD/xhtml1-transitional.dtd">
<html xmlns="http://www.w3.org/1999/xhtml" xml:lang="en" lang="en">
 <head>
  <title>
</title>
<meta http-equiv="Content-Type" content="text/html;charset=utf-8" />
  <meta name='ocr-system' content='tesseract 3.04.00' />
  <meta name='ocr-capabilities' content='ocr_page ocr_carea ocr_par ocr_line ocrx_word'/>
</head>
<body>
  <div class='ocr_page' id='page_1' title='image "./thomaekempisde00thom_0097.png"; bbox 0 0 1530 2517; ppageno 0'>
   <div class='ocr_carea' id='block_1_1' title="bbox 131 64 1347 159">
    <p class='ocr_par' dir='ltr' id='par_1_1' title="bbox 131 64 1347 159">
     <span class='ocr_line' id='line_1_1' title="bbox 131 64 1347 159; baseline 0.001 -26"><span class='ocrx_word' id='word_1_1' title='bbox 131 94 216 133; x_wconf 89' lang='lat' dir='ltr'>DE</span> <span class='ocrx_word' id='word_1_2' title='bbox 260 96 419 133; x_wconf 80' lang='grc' dir='ltr'><strong>ΙΜΙΤ.</strong></span> <span class='ocrx_word' id='word_1_3' title='bbox 453 64 855 159; x_wconf 33' lang='grc' dir='ltr'>ΕΗΒΙΞΤ. ΙΛΒ.</span> <span class='ocrx_word' id='word_1_4' title='bbox 880 96 951 132; x_wconf 87' lang='lat'>111.</span> <span class='ocrx_word' id='word_1_5' title='bbox 985 95 1107 133; x_wconf 75' lang='lat' dir='ltr'>CAP.</span> <span class='ocrx_word' id='word_1_6' title='bbox 1133 96 1171 131; x_wconf 86' lang='lat'>1.</span> <span class='ocrx_word' id='word_1_7' title='bbox 1190 96 1228 131; x_wconf 86' lang='lat'>2.</span> <span class='ocrx_word' id='word_1_8' title='bbox 1294 93 1347 134; x_wconf 83' lang='grc'>81</span> 
     </span>
    </p>
   </div>
   <div class='ocr_carea' id='block_1_2' title="bbox 9 191 1408 1075">
    <p class='ocr_par' dir='ltr' id='par_1_2' title="bbox 14 191 1408 510">
     <span class='ocr_line' id='line_1_2' title="bbox 19 191 1343 247; baseline 0 -16"><span class='ocrx_word' id='word_1_9' title='bbox 19 204 314 246; x_wconf 83' lang='lat' dir='ltr'>praeparare.</span> <span class='ocrx_word' id='word_1_10' title='bbox 372 192 530 244; x_wconf 82' lang='lat' dir='ltr'><strong>Beati,</strong></span> <span class='ocrx_word' id='word_1_11' title='bbox 566 194 642 247; x_wconf 90' lang='lat' dir='ltr'>qui</span> <span class='ocrx_word' id='word_1_12' title='bbox 667 193 768 234; x_wconf 92' lang='lat' dir='ltr'>Deo</span> <span class='ocrx_word' id='word_1_13' title='bbox 795 205 961 234; x_wconf 84' lang='lat' dir='ltr'>vacare</span> <span class='ocrx_word' id='word_1_14' title='bbox 986 192 1189 247; x_wconf 87' lang='lat' dir='ltr'>gestiunt</span> <span class='ocrx_word' id='word_1_15' title='bbox 1217 196 1263 232; x_wconf 92' lang='lat' dir='ltr'>et</span> <span class='ocrx_word' id='word_1_16' title='bbox 1287 191 1343 231; x_wconf 88' lang='lat' dir='ltr'>ab</span> 
     </span>
     <span class='ocr_line' id='line_1_3' title="bbox 21 260 1344 315; baseline 0.001 -15"><span class='ocrx_word' id='word_1_17' title='bbox 21 261 145 300; x_wconf 86' lang='lat' dir='ltr'>omni</span> <span class='ocrx_word' id='word_1_18' title='bbox 160 261 486 315; x_wconf 81' lang='lat' dir='ltr'>impedimento</span> <span class='ocrx_word' id='word_1_19' title='bbox 507 262 681 304; x_wconf 88' lang='lat' dir='ltr'>saeculi</span> <span class='ocrx_word' id='word_1_20' title='bbox 702 275 752 303; x_wconf 90' lang='lat' dir='ltr'>se</span> <span class='ocrx_word' id='word_1_21' title='bbox 771 263 1018 304; x_wconf 83' lang='lat' dir='ltr'>excutiunt.</span> <span class='ocrx_word' id='word_1_22' title='bbox 1051 260 1344 302; x_wconf 80' lang='lat' dir='ltr'>Animadver-</span> 
     </span>
     <span class='ocr_line' id='line_1_4' title="bbox 16 328 1344 384; baseline 0.001 -14"><span class='ocrx_word' id='word_1_23' title='bbox 16 334 62 370; x_wconf 91' lang='lat' dir='ltr'>te</span> <span class='ocrx_word' id='word_1_24' title='bbox 96 328 233 382; x_wconf 83' lang='lat' dir='ltr'><strong>haec,</strong></span> <span class='ocrx_word' id='word_1_25' title='bbox 268 332 420 371; x_wconf 85' lang='lat' dir='ltr'>anima</span> <span class='ocrx_word' id='word_1_26' title='bbox 450 345 574 383; x_wconf 87' lang='lat' dir='ltr'>mea,</span> <span class='ocrx_word' id='word_1_27' title='bbox 619 337 665 374; x_wconf 92' lang='lat' dir='ltr'>et</span> <span class='ocrx_word' id='word_1_28' title='bbox 696 332 858 384; x_wconf 82' lang='lat' dir='ltr'>claude</span> <span class='ocrx_word' id='word_1_29' title='bbox 891 332 1204 374; x_wconf 77' lang='lat' dir='ltr'>sensualitatis</span> <span class='ocrx_word' id='word_1_30' title='bbox 1235 336 1344 372; x_wconf 88' lang='lat' dir='ltr'>tuae</span> 
     </span>
     <span class='ocr_line' id='line_1_5' title="bbox 17 400 1408 458; baseline 0.003 -19"><span class='ocrx_word' id='word_1_31' title='bbox 17 400 160 451; x_wconf 84' lang='lat' dir='ltr'>ostia,</span> <span class='ocrx_word' id='word_1_32' title='bbox 185 404 236 440; x_wconf 92' lang='lat' dir='ltr'>ut</span> <span class='ocrx_word' id='word_1_33' title='bbox 250 402 401 454; x_wconf 86' lang='lat' dir='ltr'>possis</span> <span class='ocrx_word' id='word_1_34' title='bbox 429 402 610 454; x_wconf 85' lang='lat' dir='ltr'>audire,</span> <span class='ocrx_word' id='word_1_35' title='bbox 635 402 744 458; x_wconf 77' lang='lat' dir='ltr'>quid</span> <span class='ocrx_word' id='word_1_36' title='bbox 760 404 806 444; x_wconf 89' lang='lat' dir='ltr'>in</span> <span class='ocrx_word' id='word_1_37' title='bbox 822 408 869 445; x_wconf 90' lang='lat' dir='ltr'>te</span> <span class='ocrx_word' id='word_1_38' title='bbox 886 403 1103 457; x_wconf 79' lang='lat' dir='ltr'>loquatur</span> <span class='ocrx_word' id='word_1_39' title='bbox 1118 402 1343 443; x_wconf 88' lang='lat' dir='ltr'>Dominus</span> <span class='ocrx_word' id='word_1_40' title='bbox 1403 451 1408 457; x_wconf 28' lang='lat'><strong>‘</strong></span> 
     </span>
     <span class='ocr_line' id='line_1_6' title="bbox 14 469 282 510; baseline 0 0"><span class='ocrx_word' id='word_1_41' title='bbox 14 469 142 510; x_wconf 89' lang='lat' dir='ltr'>Deus</span> <span class='ocrx_word' id='word_1_42' title='bbox 161 474 282 510; x_wconf 89' lang='lat' dir='ltr'>tuus.</span> 
     </span>
    </p>

    <p class='ocr_par' dir='ltr' id='par_1_3' title="bbox 9 540 1343 1075">
     <span class='ocr_line' id='line_1_7' title="bbox 100 540 1343 597; baseline 0.002 -18"><span class='ocrx_word' id='word_1_43' title='bbox 100 541 141 579; x_wconf 86' lang='lat'>2.</span> <span class='ocrx_word' id='word_1_44' title='bbox 170 540 305 590; x_wconf 86' lang='lat' dir='ltr'>Haec</span> <span class='ocrx_word' id='word_1_45' title='bbox 329 541 442 584; x_wconf 89' lang='lat' dir='ltr'>dicit</span> <span class='ocrx_word' id='word_1_46' title='bbox 466 542 659 584; x_wconf 86' lang='lat' dir='ltr'>dilectus</span> <span class='ocrx_word' id='word_1_47' title='bbox 685 548 810 584; x_wconf 91' lang='lat' dir='ltr'>tuus:</span> <span class='ocrx_word' id='word_1_48' title='bbox 848 542 981 585; x_wconf 84' lang='lat' dir='ltr'>Salus</span> <span class='ocrx_word' id='word_1_49' title='bbox 1008 547 1087 583; x_wconf 87' lang='lat' dir='ltr'>tua</span> <span class='ocrx_word' id='word_1_50' title='bbox 1113 555 1199 597; x_wconf 83' lang='lat' dir='ltr'>ego</span> <span class='ocrx_word' id='word_1_51' title='bbox 1227 554 1343 592; x_wconf 88' lang='lat' dir='ltr'>sum,</span> 
     </span>
     <span class='ocr_line' id='line_1_8' title="bbox 14 612 1341 668; baseline -0.001 -16"><span class='ocrx_word' id='word_1_52' title='bbox 14 622 106 665; x_wconf 82' lang='lat' dir='ltr'>pax</span> <span class='ocrx_word' id='word_1_53' title='bbox 121 615 203 652; x_wconf 84' lang='lat' dir='ltr'>tua</span> <span class='ocrx_word' id='word_1_54' title='bbox 222 616 268 653; x_wconf 90' lang='lat' dir='ltr'>et</span> <span class='ocrx_word' id='word_1_55' title='bbox 282 613 378 653; x_wconf 84' lang='lat' dir='ltr'>vita</span> <span class='ocrx_word' id='word_1_56' title='bbox 394 616 487 653; x_wconf 89' lang='lat' dir='ltr'>tua.</span> <span class='ocrx_word' id='word_1_57' title='bbox 550 612 694 654; x_wconf 83' lang='lat' dir='ltr'><strong>Serva</strong></span> <span class='ocrx_word' id='word_1_58' title='bbox 710 618 756 655; x_wconf 90' lang='lat' dir='ltr'>te</span> <span class='ocrx_word' id='word_1_59' title='bbox 776 613 895 668; x_wconf 87' lang='lat' dir='ltr'>apud</span> <span class='ocrx_word' id='word_1_60' title='bbox 913 625 985 653; x_wconf 92' lang='lat' dir='ltr'>me</span> <span class='ocrx_word' id='word_1_61' title='bbox 997 643 1009 664; x_wconf 92' lang='lat'><strong>,</strong></span> <span class='ocrx_word' id='word_1_62' title='bbox 1038 617 1084 654; x_wconf 94' lang='lat' dir='ltr'>et</span> <span class='ocrx_word' id='word_1_63' title='bbox 1098 624 1260 667; x_wconf 85' lang='lat' dir='ltr'>pacem</span> <span class='ocrx_word' id='word_1_64' title='bbox 1276 612 1341 652; x_wconf 90' lang='lat' dir='ltr'>in-</span> 
     </span>
     <span class='ocr_line' id='line_1_9' title="bbox 13 682 1338 737; baseline -0.002 -15"><span class='ocrx_word' id='word_1_65' title='bbox 13 682 184 723; x_wconf 87' lang='lat' dir='ltr'>venies.</span> <span class='ocrx_word' id='word_1_66' title='bbox 243 682 437 724; x_wconf 81' lang='lat' dir='ltr'><strong>Dimitte</strong></span> <span class='ocrx_word' id='word_1_67' title='bbox 457 684 610 724; x_wconf 90' lang='lat' dir='ltr'>omnia</span> <span class='ocrx_word' id='word_1_68' title='bbox 628 684 919 734; x_wconf 83' lang='lat' dir='ltr'>transitoria,</span> <span class='ocrx_word' id='word_1_69' title='bbox 948 695 1118 737; x_wconf 85' lang='lat' dir='ltr'>quaere</span> <span class='ocrx_word' id='word_1_70' title='bbox 1137 686 1338 723; x_wconf 84' lang='lat' dir='ltr'>aeterna.</span> 
     </span>
     <span class='ocr_line' id='line_1_10' title="bbox 15 751 1342 807; baseline -0.001 -14"><span class='ocrx_word' id='word_1_71' title='bbox 15 752 136 803; x_wconf 77' lang='lat' dir='ltr'>Quid</span> <span class='ocrx_word' id='word_1_72' title='bbox 152 757 259 794; x_wconf 89' lang='lat' dir='ltr'>sunt</span> <span class='ocrx_word' id='word_1_73' title='bbox 270 753 423 794; x_wconf 90' lang='lat' dir='ltr'>omnia</span> <span class='ocrx_word' id='word_1_74' title='bbox 433 753 724 807; x_wconf 83' lang='lat' dir='ltr'>temporalia,</span> <span class='ocrx_word' id='word_1_75' title='bbox 736 755 826 795; x_wconf 91' lang='lat' dir='ltr'>nisi</span> <span class='ocrx_word' id='word_1_76' title='bbox 842 751 1132 794; x_wconf 48' lang='lat' dir='ltr'>seductoria&amp;</span> <span class='ocrx_word' id='word_1_77' title='bbox 1163 753 1223 793; x_wconf 88' lang='lat' dir='ltr'>Et</span> <span class='ocrx_word' id='word_1_78' title='bbox 1233 752 1342 806; x_wconf 90' lang='lat' dir='ltr'>quid</span> 
     </span>
     <span class='ocr_line' id='line_1_11' title="bbox 9 820 1342 878; baseline -0.001 -15"><span class='ocrx_word' id='word_1_79' title='bbox 9 824 171 878; x_wconf 85' lang='lat' dir='ltr'>juvant</span> <span class='ocrx_word' id='word_1_80' title='bbox 188 836 346 866; x_wconf 83' lang='lat' dir='ltr'>omnes</span> <span class='ocrx_word' id='word_1_81' title='bbox 366 828 622 875; x_wconf 81' lang='lat' dir='ltr'><strong>creaturae,</strong></span> <span class='ocrx_word' id='word_1_82' title='bbox 635 826 675 865; x_wconf 90' lang='lat' dir='ltr'>si</span> <span class='ocrx_word' id='word_1_83' title='bbox 693 824 837 865; x_wconf 87' lang='lat' dir='ltr'>fueris</span> <span class='ocrx_word' id='word_1_84' title='bbox 856 835 883 863; x_wconf 83' lang='lat' dir='ltr'>a</span> <span class='ocrx_word' id='word_1_85' title='bbox 900 827 1110 865; x_wconf 77' lang='lat' dir='ltr'><strong>creatore</strong></span> <span class='ocrx_word' id='word_1_86' title='bbox 1130 822 1207 863; x_wconf 88' lang='lat' dir='ltr'>des</span> <span class='ocrx_word' id='word_1_87' title='bbox 1216 820 1342 863; x_wconf 63' lang='lat' dir='ltr'><strong>erta3</strong></span> 
     </span>
     <span class='ocr_line' id='line_1_12' title="bbox 15 892 1341 949; baseline -0.002 -15"><span class='ocrx_word' id='word_1_88' title='bbox 15 894 235 935; x_wconf 89' lang='lat' dir='ltr'>Omnibus</span> <span class='ocrx_word' id='word_1_89' title='bbox 263 907 374 949; x_wconf 88' lang='lat' dir='ltr'><strong>ergo</strong></span> <span class='ocrx_word' id='word_1_90' title='bbox 402 895 626 937; x_wconf 82' lang='lat' dir='ltr'>abdicatis</span> <span class='ocrx_word' id='word_1_91' title='bbox 654 894 853 937; x_wconf 82' lang='lat' dir='ltr'><strong>creatori</strong></span> <span class='ocrx_word' id='word_1_92' title='bbox 876 898 955 934; x_wconf 88' lang='lat' dir='ltr'>tuo</span> <span class='ocrx_word' id='word_1_93' title='bbox 979 898 1024 934; x_wconf 85' lang='lat' dir='ltr'>te</span> <span class='ocrx_word' id='word_1_94' title='bbox 1040 892 1183 934; x_wconf 89' lang='lat' dir='ltr'><strong>redde</strong></span> <span class='ocrx_word' id='word_1_95' title='bbox 1200 892 1341 947; x_wconf 80' lang='lat' dir='ltr'>placi-</span> 
     </span>
     <span class='ocr_line' id='line_1_13' title="bbox 13 961 1340 1019; baseline -0.001 -16"><span class='ocrx_word' id='word_1_96' title='bbox 13 968 108 1004; x_wconf 86' lang='lat' dir='ltr'>tam</span> <span class='ocrx_word' id='word_1_97' title='bbox 134 976 188 1005; x_wconf 87' lang='lat' dir='ltr'>ac</span> <span class='ocrx_word' id='word_1_98' title='bbox 211 963 417 1016; x_wconf 86' lang='lat' dir='ltr'><strong>fidelem,</strong></span> <span class='ocrx_word' id='word_1_99' title='bbox 443 971 494 1007; x_wconf 89' lang='lat' dir='ltr'>ut</span> <span class='ocrx_word' id='word_1_100' title='bbox 516 978 673 1007; x_wconf 88' lang='lat' dir='ltr'>veram</span> <span class='ocrx_word' id='word_1_101' title='bbox 688 965 845 1006; x_wconf 75' lang='lat' dir='ltr'>valeas</span> <span class='ocrx_word' id='word_1_102' title='bbox 871 961 1217 1019; x_wconf 84' lang='lat' dir='ltr'>apprehendere</span> <span class='ocrx_word' id='word_1_103' title='bbox 1233 963 1340 1004; x_wconf 86' lang='lat' dir='ltr'>bea-</span> 
     </span>
     <span class='ocr_line' id='line_1_14' title="bbox 12 1032 691 1075; baseline 0 -1"><span class='ocrx_word' id='word_1_104' title='bbox 12 1033 270 1075; x_wconf 85' lang='lat' dir='ltr'>titudinem.</span> <span class='ocrx_word' id='word_1_105' title='bbox 688 1032 691 1036; x_wconf 75' lang='grc'>’</span> 
     </span>
    </p>
   </div>
   <div class='ocr_carea' id='block_1_3' title="bbox 512 1244 838 1294">
    <p class='ocr_par' dir='ltr' id='par_1_4' title="bbox 512 1244 838 1294">
     <span class='ocr_line' id='line_1_15' title="bbox 512 1244 838 1294; baseline -0.003 -11"><span class='ocrx_word' id='word_1_106' title='bbox 512 1244 838 1294; x_wconf 70' lang='grc'><strong>-..,,;,.,-</strong></span> 
     </span>
    </p>
   </div>
   <div class='ocr_carea' id='block_1_4' title="bbox 150 1491 1203 1722">
    <p class='ocr_par' dir='ltr' id='par_1_5' title="bbox 150 1491 1203 1722">
     <span class='ocr_line' id='line_1_16' title="bbox 477 1491 873 1555; baseline -0.005 -17"><span class='ocrx_word' id='word_1_107' title='bbox 477 1491 739 1555; x_wconf 67' lang='lat' dir='ltr'><strong>CAPUT</strong></span> <span class='ocrx_word' id='word_1_108' title='bbox 796 1491 873 1536; x_wconf 86' lang='lat'>11.</span> 
     </span>
     <span class='ocr_line' id='line_1_17' title="bbox 150 1604 1203 1660; baseline 0 -14"><span class='ocrx_word' id='word_1_109' title='bbox 150 1604 282 1657; x_wconf 75' lang='lat' dir='ltr'>Quod</span> <span class='ocrx_word' id='word_1_110' title='bbox 314 1605 477 1647; x_wconf 79' lang='lat' dir='ltr'>veritas</span> <span class='ocrx_word' id='word_1_111' title='bbox 508 1606 628 1647; x_wconf 79' lang='lat' dir='ltr'>int-as</span> <span class='ocrx_word' id='word_1_112' title='bbox 648 1605 858 1660; x_wconf 66' lang='lat' dir='ltr'>loquitur</span> <span class='ocrx_word' id='word_1_113' title='bbox 888 1605 982 1647; x_wconf 77' lang='lat' dir='ltr'>sine</span> <span class='ocrx_word' id='word_1_114' title='bbox 1015 1605 1203 1660; x_wconf 73' lang='lat' dir='ltr'>strepitu</span> 
     </span>
     <span class='ocr_line' id='line_1_18' title="bbox 548 1675 798 1722; baseline 0 -6"><span class='ocrx_word' id='word_1_115' title='bbox 548 1675 798 1722; x_wconf 75' lang='lat' dir='ltr'>verboram,</span> 
     </span>
    </p>
   </div>
   <div class='ocr_carea' id='block_1_5' title="bbox 4 1797 1335 2154">
    <p class='ocr_par' dir='ltr' id='par_1_6' title="bbox 4 1797 1335 2154">
     <span class='ocr_line' id='line_1_19' title="bbox 91 1797 1334 1875; baseline 0.002 -20"><span class='ocrx_word' id='word_1_116' title='bbox 91 1816 129 1856; x_wconf 88' lang='lat'>1.</span> <span class='ocrx_word' id='word_1_117' title='bbox 161 1797 457 1870; x_wconf 82' lang='lat' dir='ltr'><strong>Loquere,</strong></span> <span class='ocrx_word' id='word_1_118' title='bbox 484 1817 746 1875; x_wconf 67' lang='lat' dir='ltr'>Domine,</span> <span class='ocrx_word' id='word_1_119' title='bbox 781 1817 912 1872; x_wconf 84' lang='lat' dir='ltr'>quia</span> <span class='ocrx_word' id='word_1_120' title='bbox 945 1818 1107 1858; x_wconf 84' lang='lat' dir='ltr'>audit</span> <span class='ocrx_word' id='word_1_121' title='bbox 1138 1829 1334 1858; x_wconf 87' lang='lat' dir='ltr'>servus</span> 
     </span>
     <span class='ocr_line' id='line_1_20' title="bbox 6 1885 1332 1943; baseline 0.004 -18"><span class='ocrx_word' id='word_1_122' title='bbox 6 1890 149 1928; x_wconf 87' lang='lat' dir='ltr'>tuus.</span> <span class='ocrx_word' id='word_1_123' title='bbox 227 1887 434 1930; x_wconf 79' lang='lat' dir='ltr'>Servus</span> <span class='ocrx_word' id='word_1_124' title='bbox 481 1895 609 1929; x_wconf 86' lang='lat' dir='ltr'>tuus</span> <span class='ocrx_word' id='word_1_125' title='bbox 649 1885 765 1930; x_wconf 75' lang='lat' dir='ltr'>s&#39;um</span> <span class='ocrx_word' id='word_1_126' title='bbox 806 1901 933 1943; x_wconf 87' lang='lat' dir='ltr'><strong>ego,</strong></span> <span class='ocrx_word' id='word_1_127' title='bbox 975 1887 1042 1928; x_wconf 86' lang='lat' dir='ltr'>da</span> <span class='ocrx_word' id='word_1_128' title='bbox 1079 1887 1214 1930; x_wconf 85' lang='lat' dir='ltr'>mihi</span> <span class='ocrx_word' id='word_1_129' title='bbox 1250 1890 1332 1930; x_wconf 90' lang='lat' dir='ltr'>in-</span> 
     </span>
     <span class='ocr_line' id='line_1_21' title="bbox 4 1952 1333 2011; baseline 0.003 -15"><span class='ocrx_word' id='word_1_130' title='bbox 4 1955 322 2007; x_wconf 88' lang='lat' dir='ltr'><strong>tellectum,</strong></span> <span class='ocrx_word' id='word_1_131' title='bbox 371 1963 429 1998; x_wconf 89' lang='lat' dir='ltr'>ut</span> <span class='ocrx_word' id='word_1_132' title='bbox 460 1952 1002 2011; x_wconf 63' lang='lat' dir='ltr'>seiamltestimonia</span> <span class='ocrx_word' id='word_1_133' title='bbox 1034 1964 1140 1999; x_wconf 82' lang='lat' dir='ltr'>tua.</span> <span class='ocrx_word' id='word_1_134' title='bbox 1200 1959 1333 2002; x_wconf 84' lang='lat' dir='ltr'>Incli-</span> 
     </span>
     <span class='ocr_line' id='line_1_22' title="bbox 4 2027 1335 2085; baseline 0.005 -20"><span class='ocrx_word' id='word_1_135' title='bbox 4 2036 65 2064; x_wconf 84' lang='lat' dir='ltr'>na</span> <span class='ocrx_word' id='word_1_136' title='bbox 82 2038 164 2066; x_wconf 90' lang='lat' dir='ltr'>cor</span> <span class='ocrx_word' id='word_1_137' title='bbox 178 2039 329 2068; x_wconf 84' lang='lat' dir='ltr'>meum</span> <span class='ocrx_word' id='word_1_138' title='bbox 346 2029 392 2068; x_wconf 91' lang='lat' dir='ltr'>in</span> <span class='ocrx_word' id='word_1_139' title='bbox 408 2030 549 2069; x_wconf 86' lang='lat' dir='ltr'>verba</span> <span class='ocrx_word' id='word_1_140' title='bbox 568 2029 767 2079; x_wconf 63' lang='lat' dir='ltr'>mistui,</span> <span class='ocrx_word' id='word_1_141' title='bbox 794 2027 907 2070; x_wconf 88' lang='lat' dir='ltr'>fluat</span> <span class='ocrx_word' id='word_1_142' title='bbox 932 2034 982 2069; x_wconf 93' lang='lat' dir='ltr'>ut</span> <span class='ocrx_word' id='word_1_143' title='bbox 1004 2041 1083 2070; x_wconf 88' lang='lat' dir='ltr'>ros</span> <span class='ocrx_word' id='word_1_144' title='bbox 1103 2029 1335 2085; x_wconf 89' lang='lat' dir='ltr'>eloquium</span> 
     </span>
     <span class='ocr_line' id='line_1_23' title="bbox 4 2093 1335 2154; baseline 0.005 -19"><span class='ocrx_word' id='word_1_145' title='bbox 4 2102 145 2136; x_wconf 89' lang='lat' dir='ltr'>tuum.</span> <span class='ocrx_word' id='word_1_146' title='bbox 210 2098 442 2139; x_wconf 86' lang='lat' dir='ltr'>Dicebant</span> <span class='ocrx_word' id='word_1_147' title='bbox 468 2098 577 2138; x_wconf 88' lang='lat' dir='ltr'>olim</span> <span class='ocrx_word' id='word_1_148' title='bbox 604 2093 686 2138; x_wconf 82' lang='lat' dir='ltr'>filii</span> <span class='ocrx_word' id='word_1_149' title='bbox 710 2099 855 2139; x_wconf 72' lang='lat' dir='ltr'>Israel</span> <span class='ocrx_word' id='word_1_150' title='bbox 881 2099 938 2140; x_wconf 85' lang='lat' dir='ltr'>ad</span> <span class='ocrx_word' id='word_1_151' title='bbox 960 2100 1180 2154; x_wconf 89' lang='lat' dir='ltr'>Moysen:</span> <span class='ocrx_word' id='word_1_152' title='bbox 1228 2100 1335 2142; x_wconf 88' lang='lat' dir='ltr'>Lo-</span> 
     </span>
    </p>
   </div>
   <div class='ocr_carea' id='block_1_6' title="bbox 100 2223 1216 2340">
    <p class='ocr_par' dir='ltr' id='par_1_7' title="bbox 100 2223 1216 2340">
     <span class='ocr_line' id='line_1_24' title="bbox 100 2223 1216 2282; baseline 0.004 -16"><span class='ocrx_word' id='word_1_153' title='bbox 100 2236 131 2266; x_wconf 85' lang='lat'>1.</span> <span class='ocrx_word' id='word_1_154' title='bbox 160 2233 395 2274; x_wconf 75' lang='lat' dir='ltr'>Sam.3‚10.</span> <span class='ocrx_word' id='word_1_155' title='bbox 446 2223 903 2282; x_wconf 59' lang='lat' dir='ltr'>1²sa1m.1i8(119),125.</span> <span class='ocrx_word' id='word_1_156' title='bbox 955 2240 1216 2278; x_wconf 52' lang='lat' dir='ltr'>limaeam.</span> 
     </span>
     <span class='ocr_line' id='line_1_25' title="bbox 953 2302 990 2340; baseline 0 0"><span class='ocrx_word' id='word_1_157' title='bbox 953 2302 990 2340; x_wconf 78' lang='lat' dir='ltr'><strong>F</strong></span> 
     </span>
    </p>
   </div>
  </div>
 </body>
</html>
