1530 2517
309 119 568 157 CHRISTI
626 121 737 158 LIB.
770 121 838 157 111.
877 121 998 159 CAP.
1036 124 1186 160 10.11.
1317 122 1396 160 101

519 361 783 409 CAPUT
851 364 954 409 XI.

194 477 325 529 Quod
355 477 569 519 desideria
603 477 747 519 cordis
779 478 1074 520 examinanda
1107 487 1207 520 sunt
1241 486 1284 519 et

594 548 877 589 moderanda.

152 702 191 741 1.
223 684 347 752 Fili,
377 705 561 755 oportet
576 705 624 742 te
643 699 790 741 adhuc
814 702 958 742 multa
985 702 1247 753 addiscere,
1283 715 1399 757 quae

70 772 264 813 necdum
280 773 398 814 bene
417 773 632 815 didicisti.

155 844 196 883 2.
231 843 361 893 Quae
379 847 484 884 sunt
500 841 629 893 haec,
648 841 875 883 Domine‘}

155 913 195 954 3.
228 914 288 954 Ut
305 913 586 955 desiderium
609 918 738 953 tuum
755 925 900 966 ponas
918 913 1129 955 totaliter
1153 913 1401 955 secundum

71 983 411 1037 beneplacitum
427 996 593 1034 meum,
615 988 660 1024 et
674 984 743 1023 tui
758 984 902 1037 ipsius
922 988 1102 1025 amator
1118 996 1209 1025 non
1227 985 1306 1035 sis,
1320 984 1401 1024 sed

70 1066 201 1094 meae
233 1053 484 1094 voluntatis
518 1052 707 1107 cupidus
747 1054 1018 1095 aemulator.
1072 1054 1326 1096 Desideria
1356 1060 1402 1094 te

72 1136 213 1178 saepe
240 1124 496 1165 accendunt
521 1128 567 1165 et
583 1122 878 1164 vehementer
893 1124 1156 1177 impellunt3
1189 1125 1272 1166 sed
1299 1138 1405 1166 con-

73 1194 251 1245 sidera,
279 1207 335 1235 an
351 1199 543 1248 propter
559 1193 784 1236 honorem
800 1207 953 1235 meum
964 1225 975 1245 ‚
999 1207 1053 1234 an
1074 1202 1262 1249 propter
1276 1200 1406 1236 tuum

73 1264 364 1306 commodum
388 1265 536 1318 magis
561 1266 806 1305 movearis.
869 1265 918 1307 Si
938 1278 1024 1319 ego
1045 1278 1144 1306 sum
1160 1267 1206 1305 in
1226 1278 1405 1316 caussa,

71 1334 190 1375 bene
210 1338 451 1375 contentus
472 1336 576 1386 eris,
599 1335 1012 1390 quomodocunque
1034 1335 1333 1386 ordinaver03
1367 1337 1408 1376 si

74 1412 229 1445 autem
247 1404 303 1446 de
321 1405 510 1458 proprio
531 1406 742 1460 quaesitu
762 1405 935 1460 aliquid
952 1406 1080 1456 latet,
1095 1418 1200 1447 ecce
1214 1404 1303 1448 hoc
1321 1411 1406 1457 est,

74 1475 199 1530 quod
216 1479 261 1516 te
277 1475 471 1529 impedit
489 1480 534 1516 et
550 1481 726 1530 gravat.

157 1546 198 1585 4.
232 1547 355 1587 Cave
375 1558 503 1600 ergo,
516 1559 572 1587 ne
590 1547 778 1586 nimium
794 1547 1004 1587 innitaris
1023 1559 1162 1600 super
1172 1546 1404 1588 desiderio

72 1622 428 1670 praeconcepto,
447 1630 520 1658 me
537 1629 629 1657 non
651 1617 878 1666 consulto,
900 1630 956 1657 ne
974 1616 1097 1657 forte
1116 1623 1280 1670 postea
1296 1631 1406 1671 poe-

72 1687 219 1727 niteat
236 1692 316 1728 aut
332 1687 589 1741 displiceat,
610 1687 733 1742 quod
750 1688 896 1741 primo
916 1687 1090 1740 placuit
1109 1693 1154 1728 et
1172 1689 1302 1742 quasi
1320 1701 1404 1742 pro

71 1756 266 1798 meliore
292 1757 471 1798 zelasti.
533 1758 637 1799 Non
656 1759 775 1799 enim
794 1758 941 1798 omnis
968 1756 1179 1808 affectio,
1207 1771 1323 1813 quae
1341 1759 1405 1798 vi-

73 1826 208 1868 detur
231 1827 378 1878 bona,
405 1829 560 1869 statim
588 1833 659 1869 est
683 1828 941 1882 sequenda3
974 1827 1058 1869 sed
1081 1841 1230 1882 neque
1258 1829 1404 1869 omnis

73 1898 308 1938 contraria
325 1896 510 1939 affectio
539 1898 598 1939 ad
613 1900 809 1952 primum
826 1898 1063 1953 fugienda.
1123 1899 1324 1952 Expedit
1338 1900 1404 1939 in-

73 1968 253 2009 terdum
268 1967 584 2010 refrenatione
602 1969 668 2009 uti
681 1999 693 2019 ‚
714 1970 852 2010 etiam
868 1970 915 2009 in
930 1970 1064 2010 bonis
1083 1970 1246 2011 studiis
1266 1975 1311 2010 et
1329 1969 1403 2010 de-

72 2038 272 2090 sideriis,
291 2051 348 2080 ne
364 2051 448 2092 per
463 2040 858 2092 importunitatem
874 2041 1039 2081 mentis
1058 2040 1405 2081 distractionem

73 2108 303 2160 incurras,
330 2122 387 2150 ne
413 2109 515 2149 aliis
539 2122 622 2162 per
644 2109 1113 2163 indisciplinationem
1137 2109 1404 2151 scandalum

74 2191 292 2232 generes,
324 2179 400 2220 vel
435 2180 571 2220 etiam
599 2191 682 2233 per
705 2182 1017 2223 resistentiam
1037 2181 1232 2221 aliorum
1250 2179 1401 2220 subito

74 2250 272 2290 turberis
292 2254 338 2289 et
355 2263 560 2291 corruas.
