1530 2517
130 141 184 180 10
527 142 611 178 DE
640 143 1045 182 IMITATIONE

128 244 232 279 tuas
251 237 596 279 adinventiones
615 239 759 293 sequi.
819 240 953 280 Bona
974 240 1069 281 vita
1092 239 1205 282 facit
1221 239 1451 283 hominem

130 309 386 362 sapientem
418 307 666 349 secundum
695 309 847 350 Deum
873 314 919 351 et
943 315 1179 364 expertum
1208 311 1258 351 in
1279 311 1449 353 multis.

133 379 313 428 Quanto
342 378 442 432 quis
466 379 513 419 in
529 391 579 420 se
596 376 814 420 humilior
838 378 980 421 fuerit
1005 384 1050 421 et
1063 379 1165 421 Deo
1185 381 1450 435 subjectior,

126 452 254 489 tanto
272 448 319 488 in
337 448 544 489 omnibus
564 448 651 489 erit
665 449 918 502 sapientior
935 454 982 491 et
995 451 1217 505 pacatior.

629 652 954 674 ——QOQG--ss

596 845 854 891 CAPUT
914 846 984 890 V.

323 943 389 985 De
420 943 603 986 lectione
635 951 891 986 sanctarum
925 945 1259 1000 scripturarum.

211 1077 252 1115 ¹1.
293 1060 484 1119 Veritas
518 1082 588 1119 est
616 1078 663 1118 in
694 1078 932 1133 scripturis
963 1080 1134 1120 sanctis
1170 1076 1447 1134 quaerenda,

126 1162 219 1191 non
245 1151 522 1206 eloquentia.
584 1153 739 1194 Omnis
772 1154 1000 1207 scriptura
1030 1164 1163 1193 sacra
1196 1164 1250 1193 eo
1286 1152 1449 1205 spiritu

128 1220 266 1261 debet
280 1221 387 1275 legi,
408 1234 497 1276 quo
515 1220 641 1263 facta
659 1227 740 1264 est.
804 1223 1037 1272 Quaerere
1061 1223 1213 1276 potius
1233 1222 1449 1262 debemus

124 1290 371 1332 utilitatem
386 1292 434 1332 in
456 1293 693 1346 scripturis
703 1322 716 1344 ‚
742 1305 877 1347 quam
893 1293 1193 1333 subtilitatem
1209 1291 1447 1333 sermonis.

124 1360 196 1401 lta
210 1360 409 1402 libenter
432 1361 626 1403 devotos
652 1367 698 1404 et
713 1363 944 1417 simplices
968 1362 1114 1404 libros
1137 1362 1295 1416 legere
1312 1361 1448 1403 debe-

125 1443 242 1481 mus,
283 1431 401 1471 sicut
438 1431 558 1472 altos
599 1436 645 1473 et
680 1432 951 1486 profundos.
1011 1432 1117 1474 Non
1154 1436 1201 1472 te
1243 1429 1450 1472 offendat

127 1500 377 1541 auctoritas
403 1502 666 1553 scribentis,
691 1508 842 1543 utrum
865 1514 1036 1556 parvae
1060 1502 1134 1543 vel
1155 1514 1350 1555 magnae
1374 1501 1446 1542 lit-

123 1574 359 1610 teraturae
376 1569 538 1622 fuerit,
565 1572 648 1613 sed
672 1584 802 1613 amor
826 1585 968 1626 purae
992 1572 1200 1613 veritatis
1222 1577 1269 1612 te
1293 1570 1449 1613 trahat

125 1638 185 1678 ad
214 1639 474 1692 legendum.
532 1641 637 1682 Non
669 1654 864 1697 quaeras
898 1644 997 1696 quis
1029 1640 1119 1683 hoc
1150 1641 1330 1692 dixerit,
1364 1641 1447 1683 sed

125 1708 234 1762 quid
251 1708 431 1750 dicatur
446 1711 646 1752 attende.

207 1779 247 1817 2.
279 1778 502 1821 Homines
518 1785 779 1833 transeunt,
805 1782 887 1823 sed
902 1782 1071 1823 veritas
1087 1782 1277 1823 Domini
1292 1787 1447 1823 manet

123 1849 171 1887 in
204 1852 454 1889 aeternum.
516 1849 623 1892 Sine
662 1864 965 1905 personarum
1004 1853 1272 1906 acceptione
1304 1853 1445 1893 variis

123 1917 272 1958 modis
289 1918 492 1972 loquitur
507 1921 640 1961 nobis
656 1921 799 1963 Deus.
860 1922 1114 1963 Curiositas
1131 1927 1290 1963 nostra
1307 1935 1446 1976 saepe

123 1999 208 2027 nos
229 1988 421 2041 impedit
441 1991 490 2029 in
511 1990 711 2033 lectione
737 1992 1087 2045 scripturarum,
1113 2005 1214 2034 cum
1237 1992 1446 2033 volumus

121 2056 384 2111 intelligere
412 2063 458 2099 et
481 2059 733 2112 discutere,
758 2063 837 2102 ubi
853 2062 1123 2116 simpliciter
1155 2066 1279 2103 esset
1300 2065 1447 2102 trans-

125 2126 337 2168 eundum.
398 2128 447 2170 Si
462 2130 529 2170 vis
555 2128 812 2182 profectum
836 2130 1044 2182 haurire,
1070 2131 1175 2186 lege
1200 2129 1447 2182 humiliter,

124 2196 393 2249 simpliciter
425 2202 471 2238 et
509 2199 730 2249 fideliter,
771 2214 856 2242 nec
893 2213 1092 2255 unquam
1128 2200 1243 2242 velis
1275 2198 1447 2242 habere

124 2279 290 2306 nomen
308 2267 543 2309 scientiae.
603 2269 844 2328 Interroga
868 2270 1064 2313 libenter
1089 2275 1135 2312 et
1159 2270 1267 2312 audi
1289 2274 1446 2312 tacens
