1530 2517
196 89 277 133 228
607 89 690 126 DE
720 88 1123 126 IMITATIONE

201 185 354 226 omnia
385 185 718 226 sanctissimum
752 197 916 239 corpus
941 188 1067 225 tuum
1091 197 1173 239 pro
1199 184 1420 240 singulari
1436 199 1514 230 ‘re-

198 255 351 296 medio
372 258 417 296 et
431 253 629 309 refugio.

282 339 320 379 4.
353 340 457 381 Duo
473 352 667 393 namque
681 338 792 379 mihi
803 339 1354 393 necessariapermaxime
1366 341 1512 381 sentio

196 411 243 450 in
271 408 356 450 hac
374 410 489 460 vita,
517 411 615 450 sine
634 410 795 463 quibus
819 407 931 449 mihi
951 410 1255 462 importabilis
1281 409 1403 450 foret
1427 411 1517 450 ista

196 480 473 520 miserabilis
498 480 614 529 vita;
639 480 686 519 in
713 492 897 521 carcere
924 480 1131 533 corporis
1153 478 1285 533 hujus
1305 479 1515 521 detentus

199 550 376 590 duobus
394 563 466 591 me
486 562 623 603 egere
641 549 806 599 fateor,
827 549 1124 591 ciboscilicet
1141 554 1186 590 et
1202 550 1385 590 lumine.
1425 551 1514 590 De-

199 621 307 661 disti
330 621 486 674 itaque
511 618 624 659 mihi
646 619 825 659 infirmo
849 631 1029 660 sacrum
1047 631 1210 672 corpus
1228 624 1353 660 tuum
1372 620 1430 660 ad
1445 633 1515 660 re-

178 689 444 732 fectionem
460 690 623 731 mentis
643 693 689 730 et
706 689 926 742 corporis,
948 694 994 730 et
1008 690 1205 743 posuisti
1232 690 1285 730 lu
1298 703 1424 730 cern
1436 702 1514 730 am

194 760 434 814 pedibus
465 761 602 801 meis
632 759 860 801 verbum
890 763 1053 799 tuum.
1116 758 1221 801 Sine
1248 758 1318 800 his
1337 759 1513 801 duobus

193 830 311 871 bene
328 831 482 872 vivere
502 843 594 871 non
611 842 817 884 possem3
849 842 953 869 nani
977 830 1164 870 verbum
1179 830 1290 880 Dei,
1317 830 1396 870 lux
1419 831 1513 889 ani·

170 927 172 930 ι
194 912 298 941 mae
314 913 461 951 meae,
484 905 531 942 et
546 904 880 942 sacramentum
896 903 1022 939 tuum
1038 900 1169 952 panis
1186 899 1322 940 vitae.
1380 900 1427 939 H
1432 895 1514 941 aec

192 976 386 1025 possunt
412 972 549 1012 etiam
567 971 658 1012 dici
680 982 867 1011 mensae
893 969 1034 1020 duae,
1061 968 1164 1010 hinc
1187 974 1233 1011 et
1247 969 1353 1010 inde
1370 969 1417 1009 in
1434 980 1512 1024 ga-

193 1040 469 1095 zophylacio
503 1048 689 1083 sanctae
724 1039 946 1081 ccclesiae
979 1041 1174 1093 positae.
1234 1040 1334 1080 Una
1355 1052 1512 1080 mensa

194 1119 264 1153 est
280 1113 400 1153 sacri
418 1112 599 1162 altaris,
618 1110 791 1151 habens
809 1121 973 1163 panem
990 1114 1218 1160 sanctum,
1235 1110 1283 1150 id
1304 1116 1394 1161 est,
1414 1123 1511 1150 cor-

191 1194 277 1236 pus
297 1180 467 1224 Christi
481 1182 755 1235 pretiosum:
787 1179 935 1221 altera
954 1185 1024 1221 est
1041 1180 1221 1221 divinae
1239 1180 1379 1234 legis,
1407 1194 1510 1221 con-

190 1253 340 1293 tinens
365 1252 619 1294 doctrinam
638 1254 865 1301 sanctam,
893 1250 1105 1291 erudiens
1124 1250 1260 1291 fidem
1275 1255 1448 1291 rectam
1467 1255 1512 1291 et

192 1322 383 1362 firmiter
398 1334 542 1376 usque
561 1321 619 1362 ad
635 1321 858 1362 interiora
873 1320 1127 1370 velaminis,
1140 1320 1218 1359 ubi
1234 1324 1338 1360 sunt
1354 1324 1512 1360 sancta

191 1402 467 1442 sanctorum,
491 1391 762 1445 perducens.
826 1390 1009 1432 Gratias
1035 1390 1140 1440 tibi,
1166 1391 1363 1431 Domine
1385 1391 1509 1440 Jesu,

190 1462 270 1501 lux
285 1461 400 1503 lucis
420 1466 652 1512 aeternae,
664 1474 746 1515 pro
760 1461 997 1502 doctrinae
1015 1473 1175 1502 sacrae
1193 1472 1364 1511 mensa,
1378 1472 1510 1514 quam

191 1532 324 1572 nobis
348 1545 432 1585 per
456 1545 614 1573 servos
638 1537 743 1572 tuos
767 1529 1018 1585 prophetas
1044 1535 1090 1572 et
1115 1530 1353 1585 apostolos
1374 1530 1509 1571 alios-

193 1615 278 1655 que
299 1601 512 1644 doctores
528 1603 810 1643 ministrasti.

273 1693 313 1731 5.
348 1693 532 1734 Gratias
550 1695 647 1739 tibi,
661 1700 845 1735 creator
862 1705 916 1734 ac
930 1692 1166 1733 redemtor
1176 1691 1420 1742 hominum,
1434 1694 1509 1746 qui

184 1762 248 1802 ad
265 1762 589 1804 declarandam
606 1765 692 1804 toti
717 1762 884 1803 mundo
913 1763 1152 1803 caritatem
1167 1768 1290 1802 tuam
1319 1776 1506 1803 coenam

186 1833 362 1885 parasti
393 1845 627 1887 magnam,
659 1834 706 1873 in
733 1845 822 1886 qua
853 1845 943 1872 non
977 1845 1143 1886 agnum
1168 1827 1392 1885 typicum,
1425 1834 1507 1873 sed

186 1911 314 1941 tuum
331 1903 665 1943 sanctissimum
685 1915 849 1956 corpus
877 1908 922 1943 et
939 1903 1207 1956 sanguinem
1227 1904 1505 1955 proposuisti

185 1972 564 2023 manducandum,
581 1973 834 2013 laetificans
854 1984 1011 2013 omnes
1029 1972 1189 2013 fideles
1209 1973 1416 2014 convivio
1435 1985 1508 2013 sa-

187 2055 264 2083 cro
299 2047 346 2083 et
369 2042 513 2083 calice
537 2043 768 2083 inebrians
794 2043 1004 2093 salutari,
1031 2043 1075 2083 in
1104 2055 1193 2096 quo
1220 2046 1324 2082 sunt
1348 2032 1527 2083 omnes1

279 2219 313 2249 4.
339 2215 481 2250 Psatm.
504 2222 567 2252 118
587 2219 702 2263 (119),
725 2223 799 2253 ωε.
