1530 2517
290 138 547 176 CHRISTI
606 138 715 173 LIB.
746 137 776 174 1.
810 137 930 174 CAP.
963 136 1115 172 16.17.
1314 132 1366 172 25

37 242 83 280 et
100 242 251 278 tamen
269 235 400 277 nobis
418 235 629 275 nolumus
648 234 823 287 negari,
844 232 966 288 quod
983 233 1192 286 petimus.
1240 230 1368 271 Alios

36 307 256 361 restringi
272 318 356 360 per
372 309 545 346 statuta
561 304 787 354 volumus,
809 307 854 344 et
870 304 960 357 ipsi
976 303 1236 343 nullatenus
1252 301 1368 355 pati-

38 390 141 418 mur
165 376 359 431 amplius
386 374 605 418 cohiberi.
668 373 745 417 Sic
771 386 881 428 ergo
907 377 1057 427 patet,
1093 384 1229 427 quam
1260 383 1368 413 raro

38 447 311 502 proximum,
345 447 462 488 sicut
508 458 592 486 nos
623 445 766 499 ipsos,
805 457 1063 498 pensamus.
1127 442 1175 484 Si
1215 445 1369 483 essent

37 530 195 559 omnes
227 516 446 571 perfecti,
481 515 589 570 quid
618 521 726 556 tnnc
759 514 1031 556 haberemus
1065 514 1120 555 ab
1149 513 1252 553 aliis
1283 525 1366 566 pro

35 588 139 630 Deo
157 585 282 642 pati?

122 658 162 698 4.
195 657 328 700 Nunc
354 661 507 698 autem
532 657 659 698 Deus
687 657 753 698 sic
780 655 1022 706 ordinavit,
1056 660 1107 696 ut
1142 655 1370 695 discamus

39 728 188 770 alter
221 728 464 769 alterius
499 739 673 768 onera
704 732 960 780 portare,
996 727 1103 781 quia
1119 737 1253 766 nemo
1273 724 1371 764 sine

40 797 240 850 defectu,
259 811 392 840 nemo
412 799 510 839 sine
531 810 686 847 onere,
705 808 838 838 nemo
858 798 946 838 sibi
962 797 1218 845 sufficiens,
1235 806 1370 835 nemo

40 869 130 910 sibi
153 869 266 910 satis
291 870 497 923 sapiens3
523 867 606 909 sed
633 872 818 921 oportet
840 881 925 908 nos
950 868 1145 909 invicem
1169 869 1373 919 portare,

39 940 235 981 invicem
253 939 508 990 consolari,
535 939 709 992 pariter
726 937 969 992 adjuvare,
987 938 1215 979 instruere
1235 939 1281 976 et
1298 934 1375 974 ad-

39 1022 244 1051 monere.
322 1010 533 1060 Quantae
576 1015 730 1050 autem
767 1009 950 1050 virtutis
993 1009 1185 1063 quisque
1218 1005 1373 1055 fuerit,

39 1080 204 1122 melius
243 1085 373 1135 patet
415 1079 660 1121 occasione
701 1078 1009 1120 adversitatis.
1094 1078 1375 1120 Occasiones

41 1163 237 1207 namque
263 1149 496 1193 hominem
519 1149 734 1204 fragilem
764 1163 857 1191 non
882 1149 1078 1200 faciunt,
1113 1148 1195 1190 sed
1229 1147 1375 1203 qualis

44 1222 118 1273 sit,
138 1221 398 1264 ostendunt.

552 1426 879 1449 -ῳ--οβοὲ-

464 1648 731 1696 CAPUT
798 1648 983 1693 XVII.

494 1755 566 1799 De
584 1756 833 1799 monastica
852 1755 958 1797 vica.

140 1896 181 1936 1.
216 1876 438 1948 Oportet,
457 1897 508 1933 ut
525 1892 674 1934 discas
691 1896 738 1933 te
754 1893 903 1946 ipsum
920 1891 968 1931 in
984 1889 1138 1931 multis
1157 1888 1388 1943 frangere,

60 1966 100 2008 si
123 1966 191 2008 vis
218 1978 379 2022 pacem
406 1969 452 2006 et
476 1963 771 2005 concordiam
797 1976 899 2005 cum
926 1962 1028 2003 aliis
1054 1966 1226 2003 tenere.
1287 1958 1391 2001 Non

63 2041 134 2079 est
148 2050 339 2092 parvum
355 2037 403 2076 in
419 2035 713 2076 monasteriis
731 2034 805 2076 vel
819 2035 867 2074 in
886 2032 1247 2088 congregatione
1264 2028 1390 2070 habi-

59 2112 161 2150 tare
195 2112 242 2150 et
270 2107 385 2149 inibi
416 2106 515 2148 sine
548 2104 738 2160 querela
777 2104 1039 2146 conversari
1082 2107 1127 2144 et
1155 2112 1300 2155 usque
1333 2097 1392 2138 ad

60 2183 255 2220 mortem
275 2177 424 2219 fidelis
434 2187 749 2232 perseverare.
809 2176 998 2225 Beatus,
1012 2174 1087 2229 qui
1097 2171 1266 2213 ibidem
1275 2170 1392 2210 bene

150 2293 185 2322 4.
212 2286 293 2321 Gal.
310 2291 342 2328 6,
357 2291 391 2322 2.
