1530 2517
146 136 227 174 110
543 135 626 171 DE
657 132 1057 171 IMITATIONE

145 232 390 282 modicum,
411 231 564 271 anima
580 243 705 280 mea,
727 232 941 283 exspecta
959 227 1158 268 divinum
1173 229 1462 281 promissum,

149 306 195 342 et
209 300 400 341 habebis
427 299 753 340 abundantiam
778 299 976 344 omnium
1000 299 1226 339 bonorum
1242 299 1289 338 in
1314 298 1463 338 coelo.

149 371 197 413 Si
223 371 356 415 nimis
380 369 641 410 inordinate
665 370 755 409 ista
781 369 956 423 appetis
979 368 1265 422 praesentia,
1299 366 1465 421 perdes

151 445 340 481 aeterna
358 443 404 480 et
420 439 655 480 coelestia.
691 438 791 480 Sint
806 438 1081 491 temporalia
1095 438 1143 477 in
1159 450 1258 488 usu,
1278 441 1467 476 aeterna

146 512 194 550 in
221 509 467 551 desiderio.
526 508 631 550 Non
653 512 787 561 potes
814 508 967 561 aliquo
985 508 1107 548 bono
1125 506 1372 561 temporali
1395 518 1461 546 sa-

149 580 273 630 tiari,
294 579 400 633 quia
418 578 477 618 ad
495 577 611 618 haec
626 576 822 619 fruenda
837 590 929 617 non
948 590 996 618 es
1015 581 1184 618 creata.

234 651 273 688 2.
305 649 499 688 Etiamsi
517 648 670 688 omnia
687 648 973 688 creatabona
985 646 1295 699 haberes,non
1305 658 1467 700 posses

154 730 254 759 esse
279 716 392 758 felix
419 721 464 758 et
486 718 644 768 beata,
671 717 753 758 sed
775 718 823 757 in
839 717 966 768 Deo,
994 718 1070 771 qui
1095 720 1258 757 cuncta
1283 716 1467 766 creavit,

150 792 252 829 tota
275 787 512 828 beatitudo
538 793 619 827 tua
645 792 691 828 et
713 786 912 828 felicitas
939 787 1166 828 consistit:
1203 798 1295 826 non
1321 785 1468 840 qualis

150 857 332 898 videtur
358 862 402 898 et
417 857 633 898 laudatur
658 869 685 897 a
709 858 859 898 stultis
877 857 1033 898 mundi
1058 856 1360 905 amatoribus,
1387 854 1488 900 sed?

154 927 334 980 qualem
353 932 618 981 exspectant
633 928 742 968 boni
754 926 923 968 Chris-ti
939 927 1099 968 fideles
1117 932 1163 967 et
1171 929 1470 979 praegustant

151 996 380 1037 interdum
397 997 658 1051 spirituales
677 1010 731 1037 ac
745 996 901 1037 mundi
927 996 1065 1036 corde
1078 1027 1089 1046 ‚
1118 1008 1309 1049 quorum
1343 1007 1402 1036 co
1414 1008 1468 1034 n-

150 1068 405 1107 versatio
449 1072 533 1108 est
576 1069 632 1108 in
679 1080 738 1108 co
754 1067 874 1107 elis.
942 1067 1122 1108 Vanum
1155 1070 1224 1106 est
1256 1070 1303 1105 et
1331 1065 1470 1105 breve

156 1149 288 1178 omne
305 1135 550 1178 humanum
567 1137 801 1187 solatium3
818 1137 1003 1177 beatum
1021 1140 1066 1176 et
1074 1147 1229 1177 verum
1241 1133 1470 1183 solatium,

158 1198 279 1261 quod
294 1208 414 1247 intus
433 1219 460 1246 a
475 1208 668 1248 veritate
685 1207 948 1261 percipitur.
994 1205 1201 1246 Devotus
1219 1202 1356 1243 homo
1375 1203 1471 1243 ubi-

160 1289 246 1331 que
264 1289 417 1317 secum
434 1276 526 1318 fert
542 1277 881 1318 consolatorem
898 1288 1028 1316 suum
1044 1275 1069 1315 J
1074 1286 1201 1315 esum
1226 1277 1272 1313 et
1288 1273 1399 1314 dicit
1416 1273 1471 1313 ad

161 1359 284 1387 eum:
322 1345 492 1388 Adesto
510 1346 622 1387 mihi
638 1347 834 1393 Domine
851 1346 876 1386 J
881 1358 961 1387 esu
975 1346 1022 1384 in
1041 1344 1163 1389 omni
1179 1344 1282 1384 loco
1303 1348 1349 1384 et
1363 1348 1474 1384 tem-

156 1430 284 1471 pore.
330 1417 464 1458 Haec
480 1416 592 1458 mihi
607 1418 667 1458 sit
684 1416 955 1465 consolatio,
968 1414 1164 1456 libenter
1179 1414 1298 1455 velle
1318 1426 1474 1455 carere

161 1489 283 1528 omni
299 1486 494 1528 humano
514 1487 699 1528 solatio.
758 1487 818 1526 Et
834 1486 874 1526 si
888 1490 967 1525 tua
984 1483 1184 1526 defuerit
1201 1484 1474 1534 consolatio,

159 1558 219 1598 sit
235 1555 345 1597 mihi
363 1562 440 1597 tua
456 1557 666 1597 voluntas
685 1561 731 1597 et
742 1556 868 1610 justa
877 1554 1088 1607 probatio
1106 1567 1190 1608 pro
1209 1566 1383 1594 summo
1403 1566 1475 1594 so-

157 1627 286 1668 latio.
360 1627 481 1668 Non
522 1626 664 1667 enim
703 1627 758 1666 in
796 1638 822 1679 p
837 1629 1126 1677 e1·petuum
1171 1625 1290 1664 iras
1304 1624 1474 1675 ceris,

159 1710 184 1736 n
199 1708 337 1750 eque
369 1696 423 1736 in
455 1699 743 1736 aeternum
775 1694 1222 1735 comminaberis.

250 1839 282 1869 2.
309 1833 482 1879 Philipp.
501 1838 533 1875 3,
551 1838 606 1868 20.
658 1833 800 1868 Psalm.
822 1837 890 1874 102
908 1834 1023 1878 (103),
1043 1835 1075 1866 9.

657 2045 979 2069 Ἀβρααμ-αξ.
