1530 2517
305 133 572 171 CHRISTI
629 134 738 170 LIB.
769 133 839 169 111.
874 133 994 169 CAP.
1029 134 1095 170 52.
1279 132 1360 173 ‘177

24 230 85 272 Et
100 229 211 271 licet
227 228 317 271 hoc
333 241 474 283 aegre
501 229 708 279 audiam,
735 233 889 269 tamen
917 227 1160 270 adversum
1183 242 1257 271 me
1273 242 1357 284 pro

24 300 220 342 veritate
237 304 430 354 peccata
446 311 553 341 mea
578 311 791 354 arguam,
818 303 869 340 ut
892 298 1079 341 facilius
1097 300 1359 342 misericor-

25 370 149 411 diam
165 374 292 411 tuam
308 382 491 412 merear
506 371 773 425 impetrare.

109 440 151 482 3.
184 440 307 492 Quid
333 440 484 482 dicam
507 453 616 482 reus
650 445 696 482 et
721 441 845 482 omni
871 439 1143 482 confusione
1168 439 1360 494 plenus?

23 511 66 554 Ν
70 524 130 552 011
161 509 312 554 habeo
348 524 400 553 os
433 511 678 567 loquendi,
711 512 802 554 nisi
832 509 922 553 hoc
945 516 1122 552 tantum
1145 512 1356 552 verbum:

21 581 244 634 Peccavi,
269 582 493 634 Domine,
519 583 732 637 peccavi;
770 582 992 625 miserere
1025 582 1139 632 mei,
1166 582 1357 636 ignosce

21 650 150 693 mihi.
204 651 334 694 Sine
380 666 459 695 me
506 653 817 708 paululum,
862 658 921 694 ut
964 653 1229 708 plangam
1269 652 1356 693 do·

21 723 200 765 lorem
236 736 436 776 meum,
482 728 782 779 antequam
812 724 1005 765 vadam
1047 723 1114 764 ad
1143 728 1356 764 terram

19 796 395 836 tenebrosam
435 800 489 836 et
533 807 598 850 op
613 799 789 837 ertam
833 796 1035 836 mortis
1085 794 1352 848 caligine.

22 865 144 915 Quid
162 871 257 906 tam
272 866 470 907 maxime
491 878 518 906 a
532 878 615 907 reo
636 870 682 907 et
697 866 866 908 misero
878 869 1126 920 peccatore
1139 865 1352 919 requiris,

18 938 110 978 nisi
126 942 178 978 ut
195 941 464 979 conteratur
481 942 527 978 et
543 935 756 978 humiliet
772 949 822 978 se
838 949 923 991 pro
943 935 1124 976 delictis
1143 933 1267 976 suis}
1304 936 1354 976 In

18 1019 132 1047 vera
149 1008 427 1049 contritione
455 1012 502 1049 et
517 1008 670 1049 cordis
688 1006 1009 1048 humiliatione
1026 1006 1231 1047 nascitur
1248 1018 1353 1059 spes

20 1077 200 1129 veniae,
217 1078 548 1120 reconciliatur
563 1080 834 1133 perturbata
851 1077 1148 1128 conscientia,
1166 1088 1352 1130 repara-

19 1152 96 1189 tur
111 1149 264 1203 gratia
279 1149 476 1204 perdita,
488 1154 644 1191 tuetur
660 1147 798 1191 homo
817 1162 845 1190 a
860 1148 1018 1190 futura
1032 1148 1118 1199 ira,
1131 1151 1177 1189 et
1195 1159 1352 1188 occur-

17 1225 127 1260 runt
150 1219 240 1261 sibi
263 1226 421 1262 mutuo
447 1221 495 1261 in
521 1220 680 1262 osculo
707 1224 866 1262 sancto
884 1220 1013 1262 Deus
1040 1223 1086 1260 et
1109 1218 1351 1272 poenitens

20 1291 189 1331 anima.

105 1361 146 1401 4.
178 1361 380 1403 Humilis
404 1367 701 1416 peccatorum
727 1361 941 1403 contritio
970 1359 1252 1414 acceptabile
1269 1358 1355 1400 tibi

22 1436 115 1482 est,
133 1432 357 1484 Domine,
384 1433 660 1475 sacrificium
671 1463 683 1484 ‚
709 1433 849 1486 longe
875 1431 1059 1472 suavius
1087 1430 1289 1472 odorans
1306 1430 1354 1470 in

21 1506 272 1557 conspectu
287 1507 385 1554 tuo,
406 1516 542 1558 quam
559 1502 705 1545 thuris
722 1504 971 1544 incensum.
1011 1502 1144 1543 Haec
1163 1506 1232 1543 est
1249 1514 1352 1556 gra-

18 1576 116 1613 tum
142 1573 282 1615 etiam
305 1579 611 1629 unguentum,
640 1573 765 1629 quod
789 1573 934 1614 sacris
951 1572 1144 1626 pedibus
1171 1572 1262 1612 tuis
1287 1572 1353 1611 in-

19 1641 152 1684 fundi
169 1643 378 1695 voluisti,
407 1645 515 1699 quia
547 1657 642 1686 cor
674 1657 735 1686 co
748 1643 978 1684 ntritum
1013 1650 1067 1685 et
1097 1642 1351 1684 humilia-

18 1720 131 1754 tum
162 1727 442 1769 nunquam
475 1715 503 1756 d
516 1728 608 1769 esp
624 1715 810 1757 existi.
884 1715 954 1756 Ibi
979 1718 1050 1755 est
1072 1714 1203 1755 locus
1228 1712 1352 1755 refu-

17 1784 85 1839 gii
111 1796 139 1824 a
163 1782 285 1826 facie
310 1786 409 1827 irae
434 1786 622 1828 inimici.
682 1786 751 1828 Ibi
779 1784 1048 1826 emendatur
1075 1789 1121 1825 et
1138 1784 1352 1834 abluitur,

18 1853 242 1909 quidquid
259 1855 444 1898 aliunde
464 1862 749 1899 contractum
768 1862 839 1899 est
857 1861 902 1898 et
916 1857 1217 1911 inquinatum.

0 1994 30 2093 r*
111 1995 146 2028 3.
171 1993 336 2035 Job.10,
353 1997 399 2030 20
417 2001 456 2031 et
471 2000 528 2031 21.
554 2016 592 2023 -
631 2001 682 2052 ⁷4·
708 1996 854 2031 Psalm.
871 2001 928 2038 50,
950 1997 1045 2042 (51),
1064 1998 1118 2031 19.

512 2211 827 2234 -ήορον-

960 2349 1010 2390 Μ
