1530 2517
316 112 576 150 CHRISTI
633 113 743 148 LIB.
774 113 823 150 11.
858 113 975 150 CAP.
1008 114 1073 149 11.
1301 110 1355 149 73

26 208 302 262 probantur,
330 208 408 264 qui
431 221 516 250 sua
542 209 783 250 commoda
809 215 854 251 et
870 210 999 251 lucra
1016 222 1198 264 semper
1212 208 1353 251 medi-

26 276 206 319 tantur?
252 278 341 320 Ubi
370 278 628 320 invenietur
659 279 788 330 talis,
817 281 894 334 qui
918 280 1029 322 velit
1052 281 1155 322 Deo
1181 279 1353 321 servire

27 346 202 402 gratis}

110 417 151 458 4.
182 418 306 460 Raro
323 418 552 470 invenitur
561 423 655 460 tam
666 419 917 473 spiritualis
930 420 1110 476 aliquis,
1124 421 1200 475 qui
1212 420 1352 461 omni-

25 487 111 529 bus
129 487 191 529 sit
205 487 417 530 nudatus.
476 488 594 531 Nam
610 502 768 531 verum
785 503 904 545 paup
912 503 1035 533 erem
1052 491 1214 545 spiritu
1235 495 1280 531 et
1297 490 1352 530 ab

29 557 153 600 omni
177 563 390 600 creatura
413 559 605 611 nudum,
632 561 732 616 quis
753 559 982 603 inveniet‘l
1030 561 1200 603 Procul
1227 565 1273 602 et
1297 559 1353 601 de

26 628 199 670 ultimis
216 629 382 671 finibus
398 631 596 684 pretium
614 631 728 686 ejus.
764 631 1004 674 Sidederit
1015 631 1152 674 homo
1174 643 1353 672 omnem

28 699 332 740 substantiam
348 713 500 752 suam,
520 700 670 744 adhuc
685 700 801 745 nihil
818 707 908 753 est;
946 708 991 744 et
1007 702 1048 744 si
1063 702 1228 744 fecerit
1243 714 1352 755 poe-

27 769 268 811 nitentiam
283 782 497 825 magnam
507 802 520 823 ,
548 770 698 814 adhuc
716 773 929 827 exiguum
949 777 1040 822 est;
1076 778 1122 813 et
1137 773 1177 812 si
1195 784 1354 825 appre—

28 837 242 881 henderit
267 852 448 882 omnem
474 842 735 894 scientiam,
770 841 919 884 adhuc
942 843 1081 898 longe
1109 847 1201 892 est3
1243 846 1289 882 et
1315 841 1356 881 si

29 908 244 951 habuerit
258 911 475 953 virtutem
498 924 712 966 magnam
738 917 785 954 et
808 913 1102 955 devotionem
1125 913 1260 953 nimis
1286 924 1354 952 ar-

29 980 211 1023 dentem
222 1011 235 1033 ,
269 979 419 1023 adhuc
449 982 641 1023 multum
673 984 761 1024 sibi
793 983 944 1035 deest3
992 984 1171 1026 scilicet
1200 995 1354 1032 unum,

29 1050 153 1106 quod
177 1064 350 1093 summe
377 1053 465 1093 sibi
489 1055 800 1095 necessarium
826 1060 909 1096 est.
971 1055 1093 1105 Quid
1115 1051 1258 1095 illud?
1298 1053 1359 1094 Ut

30 1120 239 1163 omnibus
263 1122 439 1164 relictis
466 1136 516 1164 se
539 1124 793 1179 relinquat,
822 1132 869 1167 et
885 1139 912 1167 a
929 1139 979 1168 se
996 1125 1205 1167 totaliter
1222 1128 1358 1166 exeat

29 1190 233 1247 nihilque
260 1192 316 1234 de
342 1193 521 1246 privato
549 1207 705 1236 amore
730 1196 952 1247 retineat3
986 1207 1176 1251 cumque
1205 1195 1358 1236 omnia

29 1261 209 1314 fecerit,
230 1276 347 1318 quae
365 1263 581 1305 facienda
598 1266 791 1317 noverit,
810 1266 874 1307 nil
890 1279 940 1308 se
957 1265 1124 1308 fecisse
1142 1266 1324 1306 sentiat.

115 1334 156 1375 5.
188 1333 293 1375 Non
319 1333 494 1388 grande
519 1335 764 1388 ponderet,
793 1336 914 1391 quod
932 1336 1106 1392 grande
1126 1335 1361 1377 aestimari

31 1404 195 1459 possit,
207 1404 291 1445 sed
307 1405 354 1444 in
372 1406 567 1447 veritate
585 1419 766 1447 servum
782 1407 991 1449 inutilem
1008 1420 1058 1448 se
1075 1406 1361 1461 pronunciet,

35 1475 155 1516 sicut
184 1475 357 1515 veritas
395 1476 479 1516 ait:
530 1490 647 1517 eum
678 1476 945 1519 feceritis
981 1478 1188 1529 omnia,
1223 1488 1362 1531 quae

35 1551 349 1599 praecepta
384 1553 513 1588 sunt
544 1548 724 1598 vobis,
769 1547 969 1599 dicite,
1004 1548 1158 1590 servi
1187 1548 1362 1588 inuti-

24 1615 88 1657 .le
100 1629 121 1656 s
146 1628 348 1657 sumus.
370 1624 375 1627 “
396 1617 527 1658 Tunc
543 1630 649 1659 vere
667 1631 842 1672 pauper
859 1623 906 1659 et
919 1618 1066 1660 nudus
1084 1619 1248 1672 spiritu
1263 1630 1363 1659 esse

38 1686 211 1740 poterit
236 1691 282 1727 et
298 1699 400 1727 cum
417 1685 652 1741 Propheta
669 1688 822 1730 dicere
841 1703 851 1729 ε
904 1688 1048 1739 Quia
1078 1689 1276 1730 unicus
1310 1693 1364 1729 et

38 1768 254 1810 pauper
284 1769 400 1798 sum
432 1770 550 1811 ego.
610 1757 757 1799 Nemo
775 1764 928 1800 tamen
944 1760 1035 1800 isto
1055 1758 1210 1809 ditior,
1230 1770 1362 1799 nemo

38 1827 294 1880 potentior,
319 1840 453 1868 nemo
472 1827 685 1879 liberior,
710 1829 786 1883 qui
804 1842 854 1870 se
873 1834 919 1871 et
937 1830 1089 1870 omnia
1103 1829 1364 1883 relinquere

39 1898 126 1938 seit
144 1902 190 1938 et
207 1897 265 1937 ad
280 1898 483 1937 infimum
500 1910 550 1939 se
567 1910 755 1952 ponere.
897 1895 901 1898 ”

129 2040 163 2071 5.
190 2037 281 2071 Luc·
302 2040 364 2076 Π,
385 2041 442 2071 10.
491 2037 635 2072 Psalm.
653 2042 699 2074 24
716 2041 810 2086 (25),
830 2043 886 2075 ss.

536 2201 862 2223 ψ
