1530 2517
174 116 178 120 ”
224 123 485 161 CHRISTI
541 123 651 160 LIB.
682 124 751 159 111.
786 124 907 161 CAP.
941 125 1006 161 27.
1026 126 1090 161 28.
1110 126 1174 161 29.
1290 123 1370 163 133

48 216 201 260 homo.
260 218 349 260 Ubi
376 223 446 261 est
469 231 579 261 vera
602 231 692 273 pax
726 225 772 261 et
795 232 903 261 vera
928 218 1105 275 glorias}
1136 220 1299 263 Nonne
1324 222 1371 261 in

49 288 148 331 me?
195 289 254 330 Et
272 291 347 344 qui
364 302 452 330 non
473 290 647 343 appetit
663 288 922 331 hominibus
940 290 1125 344 placere
1143 303 1227 332 nec
1243 292 1374 333 timet

52 359 318 414 displicere,
353 358 496 400 multa
528 359 792 413 perfruetur
821 372 949 413 paee.
1009 361 1080 401 Ex
1108 361 1370 402 inordinato

54 442 209 470 amore
228 435 274 470 et
289 442 406 470 vano
425 429 589 471 timore
610 430 755 471 oritur
774 430 918 471 omnis
934 431 1202 485 inquietudo
1224 432 1373 473 cordis

54 504 98 541 et
117 498 353 541 distractio
373 513 600 541 sensuum.

437 939 698 987 CAPUT
772 940 989 985 XXIX.

116 1052 317 1106 Qualiter
349 1052 541 1094 instante
574 1053 859 1095 tribulatione
892 1053 1013 1095 Deus
1044 1054 1311 1095 invocandus

465 1130 527 1164 est
559 1130 602 1165 et
635 1124 961 1166 benedicendus.

142 1275 181 1312 1.
217 1253 300 1312 Sit
322 1283 488 1312 nomen
509 1275 650 1322 tuum,
668 1272 881 1323 Domine,
900 1272 1188 1313 benedictum
1205 1271 1251 1310 in
1276 1282 1374 1311 sae-

57 1343 183 1396 cula,
210 1344 288 1400 qui
302 1343 490 1385 voluisti
506 1342 623 1385 hane
638 1346 939 1386 tentationem
966 1350 1011 1387 et
1034 1345 1378 1386 tribulationem

56 1415 213 1456 venire
231 1427 369 1468 super
383 1426 471 1455 me.
518 1414 623 1456 Non
639 1428 826 1468 possum
845 1429 944 1457 eam
964 1414 1184 1470 effugere,
1203 1414 1285 1456 sed
1301 1428 1376 1455 ne-

59 1497 188 1526 cesse
204 1483 354 1526 habeo
375 1484 433 1524 ad
449 1489 494 1525 te
513 1483 763 1539 confugere
775 1516 786 1535 ‚
811 1491 861 1525 ut
877 1498 948 1526 me
968 1485 1155 1539 adjuves
1175 1490 1221 1527 et
1234 1486 1281 1525 in
1296 1485 1377 1526 bo-

56 1567 164 1595 num
179 1553 290 1595 mihi
308 1560 562 1595 convertas.
621 1555 835 1605 Domine,
857 1555 993 1595 modo
1013 1568 1112 1595 sum
1127 1556 1173 1595 in
1190 1555 1378 1596 tribula-

56 1625 207 1675 tione,
235 1628 283 1665 et
305 1636 393 1665 non
415 1630 484 1665 est
501 1624 630 1666 cordi
645 1637 748 1666 meo
766 1625 882 1666 bene
894 1655 905 1676 ,
932 1625 1014 1666 sed
1031 1625 1221 1668 multum
1237 1637 1380 1666 vexor

60 1696 332 1749 apraesenti
350 1695 580 1748 passione.
639 1696 699 1736 Et
722 1708 861 1746 nune,
889 1696 1029 1736 Pater
1054 1695 1243 1745 dilecte,
1271 1695 1379 1748 quid

61 1763 236 1806 dicam?
266 1763 591 1818 Deprehensus
610 1778 708 1807 sum
723 1766 845 1806 inter
862 1765 1111 1819 angustias.
1166 1764 1380 1806 Salvifica

58 1848 131 1876 me
151 1846 206 1877 ex
223 1833 339 1883 hora
354 1831 454 1877 hac.
515 1835 606 1878 Sed
622 1840 869 1890 propterea
885 1836 990 1876 veni
1005 1836 1052 1875 in
1068 1833 1186 1875 hanc
1202 1833 1378 1884 horam,

58 1910 109 1947 ut
122 1910 173 1946 tu
192 1904 478 1956 clarificeris,
506 1918 606 1946 cum
622 1905 754 1947 fuero
771 1905 924 1946 valide
941 1903 1205 1945 humiliatus
1231 1910 1278 1946 et
1297 1917 1379 1958 per

58 1981 104 2018 te
122 1975 359 2016 liberatus.
409 1975 706 2029 Complaceat
719 1976 818 2026 tibi,
836 1976 1049 2026 Domine,
1066 1979 1117 2015 ut
1133 1986 1267 2016 eruas
1283 1987 1379 2024 me;

59 2059 164 2087 nam
182 2058 268 2100 ego
287 2057 462 2099 pauper
480 2044 587 2098 quid
605 2057 744 2099 agere
760 2058 970 2099 possum,
1000 2049 1046 2087 et
1070 2057 1159 2099 quo
1186 2044 1259 2084 ibo
1283 2044 1380 2084 sine

59 2115 132 2158 te?
162 2117 237 2158 Da
253 2116 535 2170 patientiam,
548 2115 759 2165 Domine,
777 2116 915 2156 etiam
931 2114 1019 2156 hac
1033 2116 1147 2155 vice.
1206 2113 1383 2166 Adjuva

61 2201 154 2237 me,
180 2188 307 2228 Deus
327 2198 455 2227 meus
468 2215 479 2235 ,
508 2190 554 2224 et
569 2197 659 2225 non
675 2185 845 2225 timebo
866 2190 1261 2238 quantumcunque
1280 2194 1381 2237 gra-

63 2264 190 2299 vatus
208 2257 354 2298 fuero.
