1530 2517
135 109 218 150 166
536 108 620 145 DE
651 106 1055 144 IMITATIONE

133 220 306 257 meum,
335 206 442 261 quia
468 204 527 246 ad
550 209 596 246 te
621 203 824 258 suspirat
848 215 980 244 omne
1000 201 1276 243 desiderium
1295 215 1461 242 meum.

131 277 250 319 Nam
271 289 384 317 onus
401 275 514 317 mihi
530 280 677 317 totum
696 279 779 326 est,
793 272 1014 329 quidquid
1024 271 1098 313 hic
1113 271 1306 312 mundus
1326 270 1465 314 offert

134 347 194 388 ad
226 346 459 387 solatium.
520 345 752 387 Desidero
777 349 825 385 te
848 344 1008 384 intime
1033 341 1146 393 frui,
1174 341 1256 383 sed
1281 354 1461 396 nequeo

133 415 494 471 apprehendere.
558 417 677 470 Opto
701 413 945 456 inhaerere
969 411 1262 462 coelestibus,
1282 411 1365 452 sed
1383 410 1459 452 de-

131 490 332 541 primunt
345 500 421 528 res
438 486 720 541 temporales
748 489 794 526 et
816 482 1186 524 immortificatae
1203 481 1460 535 passiones.

131 559 288 599 Mente
318 557 528 598 omnibus
552 557 690 598 rebus
716 565 960 608 superesse
986 551 1117 604 volo,
1147 563 1282 592 carne
1309 554 1462 591 autem

130 629 272 669 invite
298 628 488 668 subesse
515 637 672 680 cogor.
735 624 813 666 Sic
839 636 924 678 ego
944 621 1082 664 homo
1103 621 1267 662 infelix
1282 633 1461 661 mecum

131 710 301 753 pugno,
316 703 362 739 et
371 697 520 739 factus
538 709 638 737 sum
654 693 952 748 mihimetipsi
969 693 1140 748 gravis,
1152 691 1256 731 dum
1274 691 1461 744 spiritus

132 782 312 810 sursum
330 774 376 810 et
394 780 500 809 caro
521 766 702 821 quaerit
720 777 822 806 esse
842 763 1071 804 deorsum.

215 846 255 885 5.
290 845 326 886 Ο
354 843 463 899 quid
486 844 607 884 intus
632 843 809 896 patior,
836 840 944 883 dum
959 844 1111 881 mente
1130 838 1352 881 coelestia
1368 842 1459 877 tra-
1491 874 1494 875 γ

131 920 203 956 cto
216 946 227 965 ‚
249 920 294 955 et
308 927 417 955 mox
435 913 687 955 carnalium
703 912 839 953 turba
858 911 1059 953 occurrit
1076 909 1248 951 oranti!
1307 910 1348 950 D
1362 922 1386 950 e
1398 922 1425 949 u
1437 922 1458 949 s

129 998 303 1035 meus,
346 998 410 1025 ne
456 983 750 1038 elongeris
783 995 811 1022 a
841 994 945 1032 me,
987 994 1167 1035 neque
1200 980 1458 1021 declines

126 1055 181 1094 in
220 1055 308 1094 ira
347 1067 374 1094 a
414 1066 578 1095 servo
629 1058 741 1093 tuo.
801 1051 1056 1106 Fulgura
1102 1050 1456 1092 coruscatio-

128 1137 246 1165 nem
277 1129 425 1165 tuam
457 1130 511 1164 et
544 1123 722 1176 dissip
737 1135 764 1163 a
803 1134 921 1172 eas3
969 1121 1163 1162 emitte
1205 1120 1455 1174 sagittas

126 1202 251 1236 tuas
263 1224 275 1245 ‚
326 1200 372 1235 et
411 1194 740 1235 conturbentur
774 1203 932 1232 omnes
963 1189 1234 1244 phantasiae
1265 1190 1454 1230 inimici.

127 1264 367 1318 Recollige
385 1277 546 1305 sensus
563 1275 692 1304 meos
706 1262 765 1303 ad
773 1266 843 1313 te3
860 1260 937 1302 fac
947 1273 1020 1301 me
1034 1260 1243 1301 oblivisci
1256 1260 1456 1301 omnium

127 1335 483 1384 mundanorum3
516 1333 575 1374 da
593 1334 683 1375 cito
706 1332 907 1386 abjicere
934 1335 981 1372 et
1005 1336 1298 1372 contemnere
1314 1328 1455 1383 phan-

125 1404 572 1452 tasmatavitiorum.
635 1403 860 1445 Succurre
877 1400 988 1441 mihi
1006 1406 1195 1442 aeterna
1208 1401 1394 1450 veritas,
1408 1405 1458 1440 ut

126 1475 255 1515 nulla
269 1488 342 1515 me
359 1479 546 1515 moveat
561 1474 754 1514 vanitas.
809 1471 984 1513 Adveni
1002 1471 1217 1512 coelestis
1236 1471 1455 1521 suavitas,

130 1551 176 1586 et
191 1545 342 1599 fugiat
360 1557 387 1584 a
403 1543 524 1584 facie
540 1549 622 1584 tua
641 1544 786 1583 omnis
802 1542 1057 1595 impuritas.
1124 1543 1318 1595 Ignosce
1346 1554 1456 1595 quo-

130 1629 218 1669 que
243 1614 354 1655 mihi
380 1619 426 1656 et
448 1612 1037 1666 misericorditerindulge‚
1067 1612 1248 1666 quoties
1272 1616 1459 1665 praeter

126 1692 172 1726 te
193 1685 316 1725 aliud
332 1686 379 1724 in
398 1684 609 1725 oratione
626 1683 832 1724 revolvo.
894 1683 1131 1724 Confiteor
1148 1681 1316 1721 etenim
1331 1693 1455 1731 vere,

128 1757 236 1810 quia
260 1755 392 1796 valde
419 1753 637 1794 distr-acte
662 1766 734 1794 me
762 1751 931 1794 habere
958 1752 1189 1793 consuevi.
1248 1751 1367 1793 Nam
1390 1751 1456 1791 ibi

125 1826 361 1866 multoties
378 1837 469 1865 non
487 1836 601 1874 sum,
613 1824 691 1865 ubi
703 1823 1008 1876 corporaliter
1025 1827 1096 1863 sto
1112 1818 1358 1872 autsedeo‚
1371 1820 1455 1862 sed

125 1897 191 1937 ibi
215 1896 363 1950 magis
389 1907 511 1944 sum,
540 1906 628 1947 quo
657 1893 1016 1947 cogitationibus
1041 1891 1184 1933 feror.
1244 1892 1312 1933 Ibi
1337 1903 1452 1941 sum,

126 1967 206 2006 ubi
232 1965 453 2019 cogitatio
480 1976 583 2004 mea
609 1969 691 2004 est.
752 1964 820 2004 lbi
847 1967 916 2004 est
938 1962 1205 2016 frequenter
1230 1962 1451 2015 cogitatio

125 2048 251 2085 mea,
283 2035 365 2075 ubi
390 2038 482 2084 est,
517 2033 640 2088 quod
673 2046 791 2074 aino.
851 2033 958 2073 Hoc
981 2031 1093 2073 mihi
1118 2032 1209 2073 cito
1238 2032 1452 2082 occurrit,

129 2104 252 2159 quod
267 2103 542 2144 naturaliter
559 2102 761 2144 delectat
778 2109 858 2143 aut
875 2115 932 2144 ex
948 2116 1034 2143 usu
1049 2102 1216 2156 placet.

221 2249 253 2279 5.
281 2243 425 2278 Psalm.
441 2246 486 2277 το
507 2243 600 2287 (71),
622 2246 676 2278 12.
726 2242 784 2277 lb.
805 2245 869 2277 143
891 2242 1009 2286 (144),
1028 2244 1060 2276 6.
