1530 2517
134 107 215 145 §20
533 106 616 142 DE
656 105 1052 143 IMITATIONE

134 202 332 257 quodam
347 201 485 241 modo
503 202 814 242 incarceratus
841 207 886 241 et
907 200 1198 254 compedibus
1217 204 1447 254 gravatus,

135 273 281 312 donec
304 271 406 312 luce
432 271 721 324 praesentiae
740 275 848 311 tuae
873 283 945 311 me
968 270 1151 311 reficias
1178 281 1231 310 ac
1247 269 1449 310 libertati

135 341 276 381 dones
293 340 554 394 vultumque
574 339 859 380 amicabilem
875 339 1173 380 demonstres.

215 410 255 450 5.
290 410 524 459 Quaerant
549 410 630 449 alii
644 422 727 462 pro
746 421 792 450 te
811 409 956 459 aliud,
985 409 1285 463 quodcunque
1302 408 1444 449 libue-

128 481 206 520 rit:
234 478 346 520 mihi
363 479 487 519 aliud
501 480 684 520 interim
700 479 765 519 nil
780 479 932 532 placet
945 492 1032 520 nec
1046 479 1258 532 placebit,
1276 478 1364 517 nisi
1379 483 1443 528 tu,

130 550 255 590 Deus
272 561 422 599 meus,
445 561 549 602 spes
566 560 690 598 mea,
717 549 841 589 salus
860 553 1060 589 aeterna.
1118 548 1223 589 Non
1238 547 1443 587 reticebo

132 631 215 659 nec
240 618 479 672 deprecari
503 619 717 669 cessabo,
745 618 891 659 donec
914 619 1065 673 gratia
1087 622 1168 658 tua
1188 621 1445 659 revertatur

129 687 330 743 mihique
347 693 396 728 tu
412 689 533 729 intus
551 688 769 742 loquaris.

214 758 253 799 6.
284 759 404 799 Ecce
424 758 596 798 adsum.
644 759 762 800 Ecce
782 770 868 812 ego
889 758 947 798 ad
962 762 1023 809 te,
1044 758 1151 812 quia
1166 757 1342 799 vocasti
1356 769 1443 797 me.

130 829 388 882 Lacrymae
398 832 505 868 tuae
525 833 570 869 et
581 828 857 869 desiderium
870 829 1047 869 animae
1058 833 1179 878 tuae,
1191 826 1444 867 humiliatio
1488 879 1490 881 -

130 904 211 939 tua
237 903 283 939 et
308 899 520 939 contritio
549 898 700 939 cordis
725 898 1057 939 inclinaverunt
1079 911 1151 939 me
1180 902 1224 939 et
1249 897 1446 938 adduxe-

131 973 237 1008 runt
254 968 313 1008 ad
328 972 388 1008 te.

215 1039 256 1078 7.
287 1038 347 1078 Et
364 1037 478 1078 dixi:
511 1039 730 1089 Domine,
756 1039 979 1079 vocavite
1007 1042 1052 1079 et
1075 1036 1332 1078 desideravi
1357 1034 1451 1076 frui

133 1114 202 1159 te,
235 1112 422 1161 paratus
457 1108 609 1148 omnia
637 1120 855 1161 respuere
887 1112 1075 1161 propter
1104 1112 1165 1148 te.
1227 1108 1299 1146 Tu
1332 1107 1450 1146 enim

132 1179 260 1231 prior
279 1178 490 1218 excitasti
505 1190 577 1217 me
589 1208 600 1227 ‚
621 1182 671 1217 ut
688 1190 956 1231 quaererem
971 1182 1032 1218 te.
1094 1176 1166 1219 Sis
1185 1189 1295 1231 ergo
1313 1177 1449 1217 bene-

135 1248 295 1299 dictus,
306 1248 519 1297 Domine,
535 1248 610 1301 qui
626 1246 780 1288 fecisti
795 1246 912 1289 hanc
927 1248 1182 1288 bonitatem
1200 1259 1300 1288 cum
1317 1258 1449 1287 servo

133 1325 212 1358 tuo
262 1317 509 1359 secundum
554 1317 890 1358 multitudinem
937 1317 1282 1359 misericordiae
1328 1322 1449 1358 tuae.

134 1388 255 1438 Quid
271 1386 411 1429 habet
433 1388 555 1427 ultra
573 1387 724 1428 dicere
743 1400 899 1428 servus
917 1391 1021 1428 tuus
1041 1399 1195 1429 coram
1210 1392 1272 1437 te,
1297 1387 1387 1428 nisi
1402 1391 1453 1427 ut

131 1458 341 1499 humiliet
365 1471 414 1499 se
439 1458 573 1498 valde
601 1462 706 1498 ante
729 1462 797 1508 te,
831 1470 1007 1498 memor
1031 1470 1212 1510 semper
1235 1457 1449 1510 propriae

129 1529 382 1583 iniquitatis
409 1533 454 1569 et
468 1526 685 1569 vilitatis?
741 1527 846 1568 Non
874 1528 993 1568 enim
1027 1532 1097 1568 est
1125 1527 1287 1567 similis
1311 1527 1380 1566 tui
1402 1527 1449 1567 in

131 1600 301 1640 cunctis
327 1597 612 1638 mirabilibus
640 1597 757 1637 coeli
785 1602 830 1638 et
853 1602 1021 1638 terrae.
1082 1596 1195 1638 Sunt
1212 1609 1353 1650 opera
1369 1601 1448 1637 tua

129 1668 250 1708 bona
265 1668 414 1718 vaide,
430 1667 605 1720 judicia
621 1679 744 1717 vera,
765 1673 810 1708 et
825 1666 1116 1720 providentia
1131 1671 1211 1707 tua
1226 1672 1446 1721 reguntur

127 1738 354 1778 universa.
414 1737 538 1777 Laus
558 1749 667 1791 ergo
687 1738 772 1778 tibi
790 1741 836 1778 et
851 1737 1024 1791 gloria,
1044 1749 1070 1777 o
1088 1737 1238 1778 Patris
1258 1737 1445 1791 Sapien-

125 1808 210 1847 tia:
244 1811 291 1848 te
316 1806 475 1847 laudet
499 1810 544 1847 et
566 1806 809 1848 benedicat
835 1819 886 1848 os
911 1819 1083 1857 meum,
1112 1808 1380 1847 anima-mea
1400 1811 1445 1848 et

129 1882 290 1918 cuncta
307 1881 462 1919 creata
478 1876 625 1917 simul.

609 2093 931 2115 -αδξον-
