1530 2517
298 117 560 156 CHRISTI
615 118 728 157 Lm.
757 120 789 156 1.
822 121 944 157 CAP.
978 121 1101 158 9.10.
1313 119 1366 160 15

503 274 763 322 CAPUT
824 277 899 321 Χ.

244 373 313 416 De
349 375 544 416 cavenda
574 375 881 429 superfluitate
915 377 1163 419 verborum.

123 512 164 552 1.
198 491 390 552 Caveas
414 511 656 552 tumultum
680 510 936 564 hominum,
971 520 1188 568 quantum
1212 519 1367 568 potes;

39 584 231 626 multum
241 587 358 627 enim
369 586 560 640 impedit
568 590 790 626 tractatus
801 587 1106 627 saecularium
1116 593 1368 641 gestorum,

42 654 224 696 etiamsi
246 656 443 710 simplici
466 657 722 698 intentione
745 656 1056 710 proferantur.
1117 658 1220 700 Cito
1250 660 1371 699 enim

39 726 331 779 inquinamur
373 727 570 767 vanitate
613 729 660 767 et
698 727 994 779 captivamur.
1075 727 1257 769 Vellem
1296 740 1369 768 me

38 794 213 849 pluries
245 796 446 837 tacuisse
479 802 526 837 et
554 796 675 837 inter
698 794 906 837 homines
931 808 1023 836 non
1054 795 1215 837 fuisse.
1278 796 1370 838 Sed

40 876 182 919 quare
207 869 301 905 tam
324 865 521 907 libenter
542 866 774 920 loquimur
798 870 844 907 et
865 866 1061 908 invicem
1092 865 1369 916 fabulamur,

40 947 141 975 cum
156 940 310 976 tamen
323 947 432 977 raro
459 936 558 977 sine
582 935 791 977 laesione
818 936 1130 978 conscientiae
1157 935 1216 977 ad
1233 936 1369 978 silen-

37 1005 152 1044 tium
166 1003 398 1046 redimus'}
420 1004 530 1048 Ideo
548 1015 643 1045 tam
666 1005 865 1047 libenter
879 1005 1136 1060 loquimur,
1163 1007 1271 1060 quia
1286 1019 1371 1060 per

38 1080 219 1116 mutuas
244 1074 503 1117 locutiones
530 1075 586 1116 ab
610 1075 806 1117 invicem
832 1075 1065 1118 consolari
1091 1077 1369 1131 quaerimus,

41 1151 87 1186 et
119 1157 200 1186 cor
237 1145 431 1187 diversis
472 1145 831 1200 cogitationibus
870 1144 1118 1201 fatigatum
1159 1150 1370 1200 optamus

37 1215 264 1258 relevare.
321 1215 383 1258 Et
405 1215 597 1257 multum
620 1216 819 1258 libenter
844 1216 901 1258 de
921 1214 1016 1268 his,
1044 1228 1162 1272 quae
1178 1216 1372 1257 multum

41 1285 273 1340 diligimus
287 1285 365 1327 vel
381 1286 610 1339 cupimus,
634 1286 710 1328 vel
727 1298 844 1341 quae
868 1287 1002 1328 nobis
1022 1286 1254 1328 contraria
1270 1299 1371 1327 sen-

40 1356 193 1407 timus,
210 1356 325 1398 libet
339 1355 469 1410 loqui
487 1360 533 1397 et
550 1356 773 1410 cogitare.

122 1427 163 1466 2.
197 1425 291 1468 Sed
327 1424 447 1481 proh
486 1424 643 1467 dolor!
692 1438 833 1480 saepe
872 1427 1072 1466 inaniter
1105 1430 1150 1466 et
1180 1425 1367 1466 frustra.

39 1496 158 1538 Nam
191 1494 306 1538 haec
338 1496 542 1538 exterior
567 1495 824 1537 consolatio
858 1496 1092 1537 interioris
1119 1500 1165 1536 et
1189 1495 1369 1536 divinae

41 1565 375 1608 consolationis
400 1579 492 1606 non
516 1565 748 1607 modicum
774 1565 1096 1607 detrimentum
1115 1570 1198 1606 est.
1258 1565 1368 1607 Ideo

37 1635 322 1691 vigilandum
341 1639 411 1677 est
421 1640 467 1677 et
479 1636 715 1686 orandum,
727 1648 784 1676 ne
795 1640 916 1689 temp
923 1649 973 1675 us
987 1635 1137 1676 otiose
1147 1639 1368 1687 transeat.

41 1706 90 1748 Si
107 1706 237 1761 loqui
259 1706 372 1747 licet
396 1710 442 1747 et
467 1706 673 1759 expedit,
701 1718 819 1760 quae
846 1705 1165 1746 aedificatoria
1182 1710 1286 1746 sunt
1303 1705 1369 1744 lo·

39 1788 197 1831 quere.
254 1776 407 1817 Malus
432 1789 542 1817 usus
570 1780 614 1817 et
644 1776 929 1830 negligentia
959 1775 1197 1829 profectus
1222 1775 1371 1815 nostri

37 1846 230 1887 multum
268 1845 382 1887 facit
420 1845 479 1886 ad
516 1845 823 1886 incustodiam
865 1847 957 1886 oris
1000 1846 1159 1886 nostri.
1233 1845 1371 1885 Juvat

38 1923 193 1958 tamen
218 1929 308 1957 non
332 1928 494 1970 parum
520 1916 579 1956 ad
603 1915 861 1969 profectum
886 1915 1173 1968 spiritualem
1199 1914 1369 1955 devota

41 1987 346 2041 spiritualium
361 1999 516 2027 rerum
534 1986 948 2036 collatio,maxime
964 1985 1044 2026 ubi
1063 1997 1196 2039 pares
1216 1985 1366 2024 animo

45 2063 92 2099 et
106 2058 271 2113 spiritu
286 2058 334 2097 in
350 2056 452 2098 Deo
473 2057 560 2097 sibi
577 2057 825 2096 sociantur.

543 2246 855 2269 ψ
