1530 2517
181 121 235 162 76
586 120 669 157 DE
699 118 1099 156 IMITATIONE

184 219 389 273 quamvis
406 216 479 258 hic
495 229 586 256 non
605 217 704 257 erit.
765 215 815 257 Si
838 216 976 256 invite
993 219 1149 268 portas
1161 244 1173 264 ,
1201 227 1313 254 onus
1331 213 1412 254 tibi
1428 211 1493 252 fa·
1520 201 1530 213 ⁸

184 289 247 329 cis
282 292 327 327 et
348 291 394 327 te
419 287 567 340 ipsum
591 287 738 340 magis
763 298 952 339 gravas;
994 290 1040 326 et
1064 291 1216 325 tamen
1242 287 1425 336 oportet
1448 289 1498 321 ut

183 357 424 398 sustineas.
486 356 535 398 Si
568 357 726 410 abjicis
758 368 896 396 unam
927 368 1128 406 crucem,
1171 354 1309 394 aliam
1338 351 1496 406 procul

186 427 322 468 dubio
340 426 544 466 invenies
564 430 609 466 et
625 425 822 466 forsitan
839 426 1111 479 graviorem.

267 502 306 543 6.
341 502 499 543 Credis
516 507 566 543 tu
584 502 778 544 evadere
790 532 802 552 ,
831 502 953 556 quod
976 502 1124 542 nullus
1142 501 1402 541 mortalium
1419 512 1498 552 po-

185 572 273 611 tuit
289 571 567 624 praeterire?
601 573 712 622 Quis
731 571 1002 613 Sanctorum
1016 573 1064 611 in
1079 571 1246 611 mundo
1258 571 1356 610 sine
1368 582 1500 610 cruce

189 647 234 681 et
256 642 551 682 tribulatione
577 640 690 682 fuit&
735 642 832 683 Nec
859 643 978 682 enim
994 642 1126 683 Jesus
1153 639 1381 689 Christus,
1407 639 1500 679 Do-

186 712 332 752 minus
365 719 544 760 noster‚
578 724 667 751 una
691 710 806 752 hora
837 712 935 752 sine
961 711 1122 752 dolore
1148 709 1374 764 passionis
1400 708 1501 758 fuit,

189 781 402 834 quamdiu
415 782 536 821 vixit.
600 782 849 834 Oporteb
863 787 938 832 at,
966 782 1051 831 ait,
1080 779 1362 822 Christum
1383 780 1503 832 pati

189 856 243 891 et
277 864 584 904 resurgere
626 864 653 891 a
692 852 956 901 mortuis,
998 857 1051 891 et
1087 852 1169 891 ita
1199 852 1417 892 intrare
1448 851 1503 911 in

188 921 427 974 gloriam
459 934 519 961 su
531 934 623 960 am.
683 922 742 961 Et
759 921 987 975 quomodo
1012 926 1060 961 tu
1077 921 1214 961 aliam
1229 922 1350 961 viam
1367 912 1502 975 quaess

184 991 248 1030 ris
260 1020 271 1040 ,
306 1003 440 1043 quam
471 989 586 1031 hanc
615 992 791 1045 regiam
816 992 933 1031 viam
946 1021 957 1040 ‚
985 1003 1100 1044 quae
1127 996 1197 1031 est
1219 992 1294 1031 via
1317 996 1502 1031 sanctae

189 1059 364 1101 crucis'ss

270 1132 311 1170 7.
345 1131 466 1171 Tota
481 1131 576 1171 vita
594 1129 762 1172 Christi
780 1143 890 1172 crux
906 1130 993 1171 fuit
1011 1136 1056 1172 et
1072 1131 1360 1184 martyrium3
1394 1136 1440 1172 et
1455 1135 1504 1170 tu

187 1200 271 1240 tibi
295 1201 476 1253 quaeris
499 1202 706 1254 requiem
731 1206 778 1242 et
801 1199 1044 1255 gaudiumss
1102 1201 1264 1250 Erras,
1293 1212 1441 1249 erras,
1464 1201 1505 1240 si

189 1270 315 1310 aliud
332 1270 535 1324 quaeris,
555 1283 689 1324 quam
705 1271 801 1324 pati
817 1270 1157 1319 tribulationes,
1178 1270 1283 1324 quia
1298 1276 1398 1309 tota
1414 1271 1504 1310 ista

187 1340 282 1380 vita
297 1340 505 1380 mortalis
522 1341 656 1393 plena
674 1346 744 1381 est
759 1341 954 1381 miseriis
975 1345 1019 1380 et
1037 1341 1387 1393 circumsignata
1405 1353 1503 1380 cru-

191 1410 331 1450 cibus.
389 1410 449 1450 Et
474 1409 654 1464 quando
689 1410 825 1451 altius
851 1410 950 1463 quis
974 1410 1022 1450 in
1052 1410 1213 1462 spiritu
1240 1409 1502 1463 profecerit,

187 1484 316 1520 tanto
335 1481 571 1533 graviores
589 1492 727 1533 saepe
749 1493 905 1521 cruces
929 1481 1124 1530 invenit,
1152 1480 1259 1534 quia
1283 1479 1410 1520 exilii
1434 1481 1505 1521 sui

187 1562 338 1603 poena
354 1550 500 1603 magis
519 1561 576 1591 ex
593 1561 748 1590 amore
766 1551 944 1592 crescit.

271 1621 311 1660 8.
345 1619 437 1660 Sed
467 1624 619 1660 tamen
642 1620 730 1660 iste
762 1620 829 1660 sic
860 1619 1172 1673 multipliciter
1195 1618 1388 1660 afflictus
1413 1632 1504 1660 non

191 1694 261 1729 est
284 1690 382 1729 sine
399 1689 623 1730 levamine
645 1690 997 1739 consolationis,
1026 1691 1133 1743 quia
1149 1688 1346 1729 fructum
1361 1690 1504 1729 maxi-

186 1771 308 1798 mum
325 1759 413 1799 sibi
429 1760 567 1800 sentit
583 1772 846 1800 accrescere
866 1772 922 1800 ex
938 1758 1206 1800 sufferentia
1219 1772 1328 1800 suae
1341 1760 1502 1801 crucis.

187 1828 304 1869 Nam
323 1828 427 1869 dum
444 1833 605 1882 sponte
623 1842 673 1870 se
690 1829 760 1870 illi
783 1830 989 1884 subjicit,
1017 1842 1151 1870 omne
1178 1841 1291 1870 onus
1315 1830 1502 1870 tribula-

186 1897 325 1938 tionis
342 1898 388 1937 in
411 1898 622 1938 fiduciam
647 1898 826 1940 divinae
854 1899 1183 1940 consolationis
1210 1900 1501 1940 convertitur.

186 1968 246 2008 Et
262 1975 430 2021 quanto
455 1981 561 2009 caro
579 1969 725 2023 magis
743 1982 825 2023 per
842 1968 1135 2010 affiictionem
1153 1969 1384 2019 atteritur,
1403 1974 1501 2009 tan·

187 2042 234 2077 to
261 2038 447 2090 spiritus
472 2038 664 2091 amplius
688 2052 771 2092 per
786 2040 1011 2081 internam
1028 2039 1223 2093 gratiam
1238 2038 1499 2080 roboratur.

186 2106 246 2148 Et
259 2120 579 2161 nonnunquam
597 2108 643 2148 in
659 2113 833 2149 tantum
860 2108 1147 2150 confortatur
1165 2120 1219 2149 ex
1238 2107 1405 2149 affectu
1423 2110 1501 2149 tri-

282 2250 314 2280 6.
341 2247 431 2280 Luc.
450 2249 514 2287 24,
530 2249 586 2281 46.
