1530 2517
173 135 253 193 230
571 152 654 189 DF:
693 150 1091 193 1MlTAT10NE

601 428 869 475 CAPUT
928 428 1061 475 XII.

225 542 355 596 Quod
391 556 555 599 magna
590 541 818 597 diligentia
849 555 893 583 se
925 542 1081 584 debeat
1110 543 1450 587 communicatu-

523 627 597 654 rus
642 611 817 654 Christo
858 625 1148 667 praeparare.

590 749 735 802 Vox
777 749 1084 802 D1LEc'r1.

264 901 303 940 1.
336 884 451 955 Ego
470 914 570 942 sum
585 901 797 955 puritatis
815 906 993 941 amator
1016 904 1062 942 et
1078 900 1213 942 dator
1231 901 1375 942 omnis
1392 912 1494 942 san-

179 975 364 1017 ctitatis.
423 970 525 1026 Ego
555 985 634 1013 cor
649 985 811 1026 purum
829 984 999 1026 quaero
1011 1003 1023 1024 ‚
1051 979 1098 1014 et
1111 974 1176 1014 ibi
1194 979 1264 1015 est
1279 975 1407 1017 locus
1423 989 1494 1018 re-

179 1045 424 1099 quietionis
441 1055 587 1085 meae.
619 1041 741 1082 Para
756 1040 868 1082 mihi
885 1043 1179 1084 coenaculum
1190 1045 1363 1098 grande
1381 1051 1495 1086 stra-

176 1121 294 1165 tum,
325 1120 370 1156 et
385 1113 554 1155 faciam
578 1112 700 1167 apud
717 1117 762 1154 te
780 1110 958 1153 Pascha
984 1126 1084 1154 cum
1106 1113 1339 1168 discipulis
1363 1117 1494 1157 meis.

179 1185 229 1227 Si
244 1186 327 1235 vis,
338 1189 389 1225 ut
399 1184 577 1225 veniam
592 1183 651 1223 ad
666 1188 712 1223 te
732 1188 778 1224 et
796 1182 916 1236 apud
928 1187 972 1224 te
989 1196 1198 1224 maneam
1210 1214 1222 1235 ,
1250 1197 1349 1238 exp
1360 1198 1498 1240 urga

181 1261 339 1297 vetus
372 1254 708 1295 fermentum
741 1260 786 1294 et
810 1252 976 1294 munda
1001 1253 1152 1294 cordis
1176 1254 1245 1294 tui
1264 1253 1498 1297 habitacu-

175 1327 285 1367 lum.
343 1324 547 1366 Exclude
571 1329 719 1365 totum
745 1323 980 1365 saeculum
1009 1328 1054 1364 et
1080 1336 1260 1365 omnem
1282 1326 1500 1366 vitiorum

176 1396 441 1444 tumultum3
474 1394 584 1435 sede
603 1400 819 1448 tanquam
842 1406 1005 1447 passer
1028 1393 1263 1435 solitarius
1285 1395 1335 1437 in
1359 1400 1499 1446 tecto,

181 1472 228 1507 et
253 1466 407 1520 cogita
434 1476 647 1506 excessus
664 1469 768 1505 tuos
787 1464 834 1504 in
857 1463 1159 1504 amaritudine
1179 1464 1356 1504 animae
1373 1469 1498 1506 tuae.

182 1537 337 1577 Omnis
362 1548 556 1589 namque
584 1546 740 1575 amans
767 1546 850 1575 suo
871 1533 1038 1574 dilecto
1066 1534 1263 1574 amatori
1281 1535 1502 1587 optimum

182 1611 228 1647 et
243 1604 597 1659 pulcherrimum
608 1608 854 1658 praeparat
867 1603 1034 1654 locum,
1048 1604 1154 1657 quia
1169 1604 1216 1649 in
1226 1602 1314 1645 hoc
1332 1616 1501 1658 cogno-

183 1678 325 1717 scitur
342 1674 534 1717 affectus
553 1674 842 1728 suscipientis
861 1673 1089 1715 dilectum.

265 1762 305 1800 2.
340 1759 464 1801 Scito
504 1764 680 1809 tamen,
722 1763 768 1799 te
799 1770 890 1799 non
922 1770 1060 1812 posse
1093 1757 1364 1799 satisfacere
1397 1756 1503 1800 huic

182 1830 527 1884 praeparationi
558 1841 615 1869 ex
643 1830 806 1869 merito
831 1833 939 1869 tuae
966 1828 1182 1878 actionis,
1217 1824 1396 1869 etiamsi
1420 1840 1504 1880 per

180 1901 410 1954 integrum
429 1911 591 1939 annum
608 1902 654 1938 te
667 1910 968 1951 praeparares
988 1903 1032 1939 et
1049 1897 1162 1938 nihil
1178 1897 1304 1937 aliud
1318 1898 1365 1937 in
1379 1910 1502 1938 men-

182 1977 227 2010 te
246 1968 455 2011 haberes.
517 1969 610 2011 Sed
636 1980 691 2009 ex
717 1968 818 2009 sola
842 1968 1013 2021 pietate
1041 1973 1087 2010 et
1111 1969 1261 2021 gratia
1280 1980 1383 2009 mea
1399 1980 1499 2021 per-

180 2041 374 2081 mitteris
394 2040 451 2080 ad
468 2051 671 2081 mensam
687 2051 837 2079 meam
862 2037 1105 2088 accedere3
1139 2050 1193 2078 ac
1210 2038 1249 2078 si
1264 2037 1499 2078 mendicus

182 2110 241 2150 ad
256 2110 496 2163 prandium
513 2114 757 2150 vocaretur
775 2108 949 2158 divitis,
977 2113 1022 2149 et
1045 2107 1124 2149 ille
1147 2106 1259 2148 nihil
1277 2108 1400 2148 aliud
1419 2107 1496 2148 ha-

235 2269 237 2271 *
277 2281 308 2310 1.
335 2276 458 2310 Para
490 2274 601 2311 mihi
624 2286 702 2321 sqq-
732 2276 781 2310 cf.
798 2274 887 2309 Luc.
906 2277 962 2315 22,
983 2277 1110 2311 11.12.
1163 2279 1180 2310 1
1201 2274 1285 2310 Cor.
1304 2280 1335 2315 5,
1354 2279 1386 2310 7.
