1530 2517
146 126 222 165 130
541 123 624 160 DE
653 122 1051 159 ΙΜῘΤΑΤΙΟΝΕ

142 221 298 262 mundi
323 219 714 261 consolationibus
736 218 1051 260 suavissimam
1068 216 1262 271 Spiritus
1286 219 1353 258 tui
1377 231 1455 258 un-

143 293 362 341 ctionem,
397 293 443 331 et
468 302 552 344 pro
579 288 752 335 carnali
776 300 932 330 amore
958 288 1026 328 tui
1049 288 1244 328 nominis
1268 286 1456 328 infunde

145 372 360 401 amorem.

227 429 267 469 4.
298 430 420 470 Ecce
453 428 601 479 cibus,
633 432 792 482 potus,
826 429 965 469 vestis
991 440 1045 469 ac
1069 431 1223 469 cetera
1245 426 1461 466 utensilia

146 499 204 539 ad
222 499 429 553 corporis
447 498 803 539 sustentaculum
819 498 1094 551 pertinentia
1112 496 1306 537 ferventi
1330 495 1460 548 spiri-

144 569 211 609 tui
228 572 332 609 sunt
349 580 560 608 onerosa.
595 569 780 618 Tribue,
790 567 958 608 talibus
976 566 1190 607 fomentis
1206 569 1460 619 temperate

145 639 234 689 uti,
260 650 351 678 non
377 637 607 679 desiderio
626 639 765 678 nimio
783 637 1023 691 implicari.
1082 637 1291 690 Abjicere
1310 635 1462 676 omnia

146 721 238 749 non
269 707 400 758 licet,
435 708 543 761 quia
572 712 737 748 natura
767 706 1064 748 sustentanda
1096 710 1185 756 estg
1227 706 1461 759 requirere

150 781 302 817 autem
318 775 549 830 superflua
567 781 613 817 et
629 789 745 831 quae
762 777 908 831 magis
928 775 1178 825 delectant,
1206 775 1282 815 lex
1306 778 1465 814 sancta

149 845 383 901 prohibet:
431 859 536 886 nam
568 847 683 887 alias
716 859 822 889 caro
857 846 1073 887 adversus
1106 845 1313 898 spiritum
1343 843 1466 883 inso-

150 917 362 957 lesceret.
420 917 543 957 Inter
559 915 686 967 haec,
706 928 893 971 quaes0,
912 927 1070 959 manus
1086 918 1166 958 tua
1182 926 1252 956 me
1269 917 1404 968 regat
1421 917 1466 954 et
1498 902 1521 932 ’-

153 986 332 1037 doceat,
349 998 406 1028 ne
425 985 533 1040 quid
547 987 733 1027 nimium
751 986 844 1026 fiat

534 1421 795 1468 CAPUT
849 1422 1089 1467 XXVII.

241 1537 371 1588 Quod
392 1535 596 1592 privatus
629 1548 755 1577 amor
791 1547 819 1576 a
855 1547 1018 1575 summo
1055 1529 1164 1575 beno
1198 1532 1384 1574 maxime

704 1605 918 1649 retardat.

237 1758 278 1797 1.
308 1737 437 1803 Fili,
466 1755 649 1806 oportet
675 1757 722 1793 te
747 1752 856 1794 dare
881 1756 1028 1793 totum
1051 1763 1132 1805 pro
1158 1755 1257 1792 toto
1285 1755 1330 1792 et
1353 1749 1467 1792 nihil

152 1828 219 1867 tui
244 1827 387 1881 ipsius
415 1837 530 1866 esse.
592 1825 739 1877 Scito,
767 1825 889 1880 quod
914 1838 1043 1866 amor
1065 1825 1131 1865 tui
1151 1825 1295 1878 ipsius
1319 1824 1466 1878 magis

151 1902 290 1938 nocet
304 1897 407 1946 tibi,
428 1907 561 1949 quam
580 1896 734 1950 aliqua
747 1909 824 1937 res
840 1895 1010 1936 mundi.
1070 1893 1326 1936 Secundum
1344 1905 1468 1933 amo-

149 1979 249 2007 rem
276 1970 322 2007 et
346 1964 583 2017 affectum,
610 1979 742 2020 quem
760 1967 906 2020 geris,
933 1965 1165 2020 quaelibet
1185 1977 1260 2004 res
1277 1964 1378 2017 plus
1395 1962 1469 2004 vel

152 2037 300 2076 minus
319 2034 553 2077 adhaeret.
614 2036 662 2078 Si
679 2035 820 2077 fuerit
837 2048 965 2076 amor
979 2039 1083 2075 tuus
1100 2043 1253 2086 purus,
1275 2032 1469 2085 simplex

155 2111 200 2146 et
214 2106 332 2147 bene
352 2105 602 2156 ordinatus,
631 2107 720 2147 eris
738 2107 835 2147 sine
855 2105 1115 2159 captivitate
1130 2115 1297 2143 rerum.
1357 2101 1467 2143 Noli

153 2175 500 2229 concupiscere,
534 2177 657 2230 quod
679 2189 770 2217 non
793 2177 903 2217 licet
927 2174 1119 2223 habere3
1159 2172 1254 2212 noli
1279 2169 1466 2221 habere,

153 2244 275 2300 quod
291 2249 336 2286 te
353 2251 507 2299 potest
521 2246 742 2300 impedire
763 2254 808 2286 et
823 2246 1035 2286 libertate
1049 2242 1258 2284 interiori
1269 2241 1464 2295 privare·
