1530 2517
155 124 238 164 214
554 122 637 159 DE
675 123 1078 160 IMITATIONE

159 227 204 264 et
227 226 272 263 te
297 222 445 275 ipsum
471 217 919 273 irreprehensibilem
947 217 1179 260 exhibeas.
1239 219 1342 260 Non
1369 219 1476 260 alle-

156 293 293 333 viasti
312 304 425 332 onus
441 294 583 337 tuum,
596 289 678 330 sed
696 289 884 330 arctiori
896 289 992 342 jam
1010 289 1225 343 alligatus
1238 301 1286 329 es
1297 289 1476 329 vinculo

160 362 429 416 disciplinae
455 364 501 401 et
526 360 584 401 ad
601 360 824 413 majorem
839 360 1010 400 teneris
1028 358 1361 412 perfectionem
1377 371 1477 399 san·

160 433 345 474 ctitatis.
408 430 635 473 Sacerdos
656 430 863 471 omnibus
880 430 1120 470 virtutibus
1133 429 1269 470 debet
1287 442 1388 470 esse
1408 442 1478 469 or-

159 507 292 543 natus
312 506 358 542 et
375 501 476 542 aliis
493 501 644 542 bonae
661 501 783 541 vitae
803 499 1058 553 exemplum
1075 500 1313 552 praebere.
1367 499 1478 552 Ejus

161 572 449 613 conversatio
468 582 560 610 non
579 582 678 610 cum
695 569 992 623 popularibus
1014 573 1059 609 et
1077 569 1386 609 communibus
1399 567 1475 609 ho-

160 643 329 682 minum
345 642 430 681 viis
442 671 454 690 ‚
481 640 564 681 sed
582 652 683 680 cum
700 640 884 693 Angelis
902 640 949 679 in
967 639 1098 680 coelo
1119 643 1198 679 aut
1215 652 1314 680 cum
1331 638 1479 693 perfe-

163 713 245 753 ctis
263 712 372 752 viris
389 712 435 751 in
451 714 590 751 terra.

241 783 280 823 3.
315 780 543 823 Sacerdos
571 781 713 821 sacris
738 781 939 821 vestibus
964 780 1149 821 indutus
1169 779 1337 821 Christi
1353 780 1476 820 vices

158 854 292 908 gerit,
318 857 369 893 ut
383 853 534 893 Deum
551 863 633 904 pro
653 863 702 891 se
723 855 768 891 et
782 862 865 903 pro
887 851 1008 891 omni
1025 849 1194 903 populo
1214 849 1486 903 suppliciter*

160 932 206 965 et
221 923 454 964 humiliter
469 926 620 976 roget.
654 921 811 961 Habet
828 925 932 961 ante
950 933 998 961 se
1020 925 1065 961 et
1078 924 1204 961 retro
1224 919 1481 960 dominicae

160 994 306 1036 crucis
333 994 513 1047 signum
538 991 598 1032 ad
622 990 967 1032 memorandum
987 990 1162 1044 jugiter
1188 988 1358 1031 Christi
1380 1002 1482 1043 pas-

161 1066 352 1105 sionem.
411 1064 527 1104 Ante
545 1075 595 1103 se
614 1074 790 1103 crucem
809 1062 856 1101 in
874 1061 1032 1102 casula
1048 1064 1223 1113 portat,
1245 1065 1296 1100 ut
1314 1059 1483 1102 Christi

159 1135 357 1188 vestigia
382 1133 628 1187 diligenter
650 1133 864 1185 inspiciat
897 1137 942 1172 et
972 1132 1101 1185 sequi
1128 1130 1360 1171 ferventer
1390 1135 1481 1171 stu-

162 1204 283 1245 deat.
343 1204 458 1244 Post
481 1216 530 1244 se
550 1216 682 1244 cruce
701 1204 907 1256 signatus
927 1207 1010 1252 est,
1028 1206 1079 1241 ut
1098 1201 1291 1241 adversa
1309 1201 1480 1254 quaeli-

161 1274 240 1314 bet
269 1274 324 1315 ab
354 1274 456 1315 aliis
481 1273 612 1314 illata
640 1273 888 1313 clementer
904 1284 986 1326 pro
1004 1272 1106 1312 Deo
1125 1270 1307 1312 toleret.
1368 1271 1481 1312 Ante

162 1357 212 1385 se
241 1357 421 1386 crucem
438 1345 580 1398 gerit,
598 1348 650 1383 ut
665 1343 853 1396 propria
868 1345 1059 1396 peccata
1075 1341 1255 1395 lugeat3
1285 1345 1392 1394 post
1416 1354 1480 1390 se,

160 1419 212 1454 ut
243 1414 438 1455 aliorum
471 1414 608 1454 etiam
641 1414 884 1454 commissa
908 1425 990 1465 per
1015 1411 1382 1464 compassionem
1407 1409 1482 1450 de-

161 1484 271 1525 fleat
289 1488 335 1525 et
351 1497 400 1525 se
417 1483 618 1524 medium
633 1484 755 1524 inter
770 1483 918 1524 Deum
947 1486 992 1523 et
1006 1485 1298 1535 peccatorem
1317 1481 1482 1521 consti-

159 1558 307 1594 tutum
326 1566 426 1595 esse
445 1554 582 1604 sciat,
601 1566 687 1594 nec
705 1554 761 1594 ab
781 1553 991 1594 oratione
1010 1556 1055 1593 et
1073 1551 1307 1592 oblatione
1325 1556 1484 1591 sancta

160 1628 409 1677 torpescat,
423 1623 569 1665 donec
579 1625 775 1679 gratiam
795 1627 841 1664 et
855 1623 1008 1663 miseri
1016 1621 1220 1662 cordiam
1235 1622 1482 1674 impetrare

162 1697 407 1735 mereatur.
468 1694 661 1744 Quando
690 1693 907 1735 sacerdos
934 1693 1150 1742 celebrat,
1172 1692 1321 1732 Deum
1338 1689 1481 1731 hono-

160 1769 248 1815 rat,
265 1764 466 1818 Angelos
483 1764 726 1814 laetificat,
747 1763 989 1804 ecclesiam
1007 1762 1240 1812 aedificat,
1259 1762 1386 1802 vivos
1405 1760 1482 1800 ad-

159 1836 302 1888 juvat,
336 1833 563 1875 defunctis
594 1834 801 1888 requiem
832 1838 1038 1887 praestat
1070 1837 1115 1875 et
1146 1844 1249 1874 sese
1283 1832 1481 1873 omnium

164 1906 389 1946 bonorum
405 1905 675 1958 participem
695 1903 846 1945 efficit.

632 2122 953 2141 ν----οο<>υ--κ---
