<?xml version="1.0" encoding="UTF-8"?>
<!DOCTYPE html PUBLIC "-//W3C//DTD XHTML 1.0 Transitional//EN"
    "http://www.w3.org/TR/xhtml1/DTD/xhtml1-transitional.dtd">
<html xmlns="http://www.w3.org/1999/xhtml" xml:lang="en" lang="en">
 <head>
  <title>
</title>
<meta http-equiv="Content-Type" content="text/html;charset=utf-8" />
  <meta name='ocr-system' content='tesseract 3.04.00' />
  <meta name='ocr-capabilities' content='ocr_page ocr_carea ocr_par ocr_line ocrx_word'/>
</head>
<body>
  <div class='ocr_page' id='page_1' title='image "./thomaekempisde00thom_0254.png"; bbox 0 0 1530 2517; ppageno 0'>
   <div class='ocr_carea' id='block_1_1' title="bbox 195 114 1109 156">
    <p class='ocr_par' dir='ltr' id='par_1_1' title="bbox 195 114 1109 156">
     <span class='ocr_line' id='line_1_1' title="bbox 195 114 1109 156; baseline -0.004 0"><span class='ocrx_word' id='word_1_1' title='bbox 195 114 276 156; x_wconf 76' lang='lat'><strong>238</strong></span> <span class='ocrx_word' id='word_1_2' title='bbox 597 115 680 152; x_wconf 92' lang='lat' dir='ltr'><strong>DE</strong></span> <span class='ocrx_word' id='word_1_3' title='bbox 713 114 1109 153; x_wconf 84' lang='lat' dir='ltr'><strong>IMITATIONE</strong></span> 
     </span>
    </p>
   </div>
   <div class='ocr_carea' id='block_1_2' title="bbox 614 399 1094 446">
    <p class='ocr_par' dir='ltr' id='par_1_2' title="bbox 614 399 1094 446">
     <span class='ocr_line' id='line_1_2' title="bbox 614 399 1094 446; baseline -0.004 0"><span class='ocrx_word' id='word_1_4' title='bbox 614 399 877 446; x_wconf 82' lang='lat' dir='ltr'><strong>CAPUT</strong></span> <span class='ocrx_word' id='word_1_5' title='bbox 939 399 1094 445; x_wconf 81' lang='lat' dir='ltr'><strong>XVI·</strong></span> 
     </span>
    </p>
   </div>
   <div class='ocr_carea' id='block_1_3' title="bbox 224 526 1481 653">
    <p class='ocr_par' dir='ltr' id='par_1_3' title="bbox 224 526 1481 653">
     <span class='ocr_line' id='line_1_3' title="bbox 224 526 1481 581; baseline 0.001 -13"><span class='ocrx_word' id='word_1_6' title='bbox 224 526 355 579; x_wconf 80' lang='lat' dir='ltr'><strong>Quod</strong></span> <span class='ocrx_word' id='word_1_7' title='bbox 386 527 663 569; x_wconf 80' lang='lat' dir='ltr'><strong><em>necessitates</em></strong></span> <span class='ocrx_word' id='word_1_8' title='bbox 694 534 868 568; x_wconf 82' lang='lat' dir='ltr'><strong>nostras</strong></span> <span class='ocrx_word' id='word_1_9' title='bbox 904 526 1079 568; x_wconf 75' lang='lat' dir='ltr'><strong>Christo</strong></span> <span class='ocrx_word' id='word_1_10' title='bbox 1112 527 1285 581; x_wconf 78' lang='lat' dir='ltr'><strong>aperire</strong></span> <span class='ocrx_word' id='word_1_11' title='bbox 1317 534 1362 569; x_wconf 86' lang='lat' dir='ltr'><strong>et</strong></span> <span class='ocrx_word' id='word_1_12' title='bbox 1390 528 1481 581; x_wconf 74' lang='lat' dir='ltr'><strong>ejus</strong></span> 
     </span>
     <span class='ocr_line' id='line_1_4' title="bbox 501 596 1196 653; baseline -0.001 -15"><span class='ocrx_word' id='word_1_13' title='bbox 501 597 702 653; x_wconf 78' lang='lat' dir='ltr'><strong><em>gratiam</em></strong></span> <span class='ocrx_word' id='word_1_14' title='bbox 723 598 954 651; x_wconf 75' lang='lat' dir='ltr'><strong>postulare</strong></span> <span class='ocrx_word' id='word_1_15' title='bbox 985 596 1196 638; x_wconf 79' lang='lat' dir='ltr'><strong>debemus.</strong></span> 
     </span>
    </p>
   </div>
   <div class='ocr_carea' id='block_1_4' title="bbox 570 748 1131 800">
    <p class='ocr_par' dir='ltr' id='par_1_4' title="bbox 570 748 1131 800">
     <span class='ocr_line' id='line_1_5' title="bbox 570 748 1131 800; baseline 0 0"><span class='ocrx_word' id='word_1_16' title='bbox 570 748 715 800; x_wconf 87' lang='lat' dir='ltr'><strong>Vox</strong></span> <span class='ocrx_word' id='word_1_17' title='bbox 759 748 1131 800; x_wconf 69' lang='lat' dir='ltr'><strong>Drscwnm.</strong></span> 
     </span>
    </p>
   </div>
   <div class='ocr_carea' id='block_1_5' title="bbox 176 882 1509 2283">
    <p class='ocr_par' dir='ltr' id='par_1_5' title="bbox 183 882 1509 1583">
     <span class='ocr_line' id='line_1_6' title="bbox 275 882 1508 952; baseline -0.004 -10"><span class='ocrx_word' id='word_1_18' title='bbox 275 903 315 942; x_wconf 83' lang='lat'><strong>1.</strong></span> <span class='ocrx_word' id='word_1_19' title='bbox 351 882 400 940; x_wconf 84' lang='grc' dir='ltr'>Ο</span> <span class='ocrx_word' id='word_1_20' title='bbox 413 899 673 941; x_wconf 80' lang='lat' dir='ltr'><strong>dulcissime</strong></span> <span class='ocrx_word' id='word_1_21' title='bbox 686 902 821 952; x_wconf 87' lang='lat' dir='ltr'><strong>atque</strong></span> <span class='ocrx_word' id='word_1_22' title='bbox 834 898 1142 939; x_wconf 76' lang='lat' dir='ltr'><strong>amantissime</strong></span> <span class='ocrx_word' id='word_1_23' title='bbox 1152 898 1364 948; x_wconf 85' lang='lat' dir='ltr'><strong>Domine,</strong></span> <span class='ocrx_word' id='word_1_24' title='bbox 1376 909 1508 951; x_wconf 88' lang='lat' dir='ltr'><strong>quem</strong></span> 
     </span>
     <span class='ocr_line' id='line_1_7' title="bbox 190 970 1509 1022; baseline -0.001 -11"><span class='ocrx_word' id='word_1_25' title='bbox 190 984 308 1012; x_wconf 89' lang='lat' dir='ltr'><strong>nunc</strong></span> <span class='ocrx_word' id='word_1_26' title='bbox 325 971 489 1013; x_wconf 89' lang='lat' dir='ltr'><strong>devote</strong></span> <span class='ocrx_word' id='word_1_27' title='bbox 508 971 720 1012; x_wconf 88' lang='lat' dir='ltr'><strong>desidero</strong></span> <span class='ocrx_word' id='word_1_28' title='bbox 741 970 997 1022; x_wconf 80' lang='lat' dir='ltr'><strong>suscipere,</strong></span> <span class='ocrx_word' id='word_1_29' title='bbox 1024 975 1073 1010; x_wconf 91' lang='lat' dir='ltr'><strong>tu</strong></span> <span class='ocrx_word' id='word_1_30' title='bbox 1093 971 1182 1011; x_wconf 88' lang='lat' dir='ltr'><strong>scis</strong></span> <span class='ocrx_word' id='word_1_31' title='bbox 1199 971 1509 1011; x_wconf 81' lang='lat' dir='ltr'><strong>infirmitatem</strong></span> 
     </span>
     <span class='ocr_line' id='line_1_8' title="bbox 190 1040 1507 1095; baseline 0.001 -15"><span class='ocrx_word' id='word_1_32' title='bbox 190 1053 339 1081; x_wconf 87' lang='lat' dir='ltr'><strong>meam</strong></span> <span class='ocrx_word' id='word_1_33' title='bbox 358 1046 403 1082; x_wconf 86' lang='lat' dir='ltr'><strong>et</strong></span> <span class='ocrx_word' id='word_1_34' title='bbox 419 1042 752 1091; x_wconf 87' lang='lat' dir='ltr'><strong>necessitatem,</strong></span> <span class='ocrx_word' id='word_1_35' title='bbox 774 1051 907 1094; x_wconf 86' lang='lat' dir='ltr'><strong>quam</strong></span> <span class='ocrx_word' id='word_1_36' title='bbox 923 1040 1098 1093; x_wconf 86' lang='lat' dir='ltr'><strong>patior;</strong></span> <span class='ocrx_word' id='word_1_37' title='bbox 1114 1041 1158 1079; x_wconf 86' lang='lat' dir='ltr'><strong>in</strong></span> <span class='ocrx_word' id='word_1_38' title='bbox 1179 1042 1357 1095; x_wconf 87' lang='lat' dir='ltr'><strong>quantis</strong></span> <span class='ocrx_word' id='word_1_39' title='bbox 1374 1040 1507 1081; x_wconf 86' lang='lat' dir='ltr'><strong>malis</strong></span> 
     </span>
     <span class='ocr_line' id='line_1_9' title="bbox 191 1111 1507 1164; baseline -0.001 -13"><span class='ocrx_word' id='word_1_40' title='bbox 191 1116 237 1151; x_wconf 88' lang='lat' dir='ltr'><strong>et</strong></span> <span class='ocrx_word' id='word_1_41' title='bbox 252 1111 374 1151; x_wconf 80' lang='lat' dir='ltr'><strong>vitiis</strong></span> <span class='ocrx_word' id='word_1_42' title='bbox 387 1111 547 1164; x_wconf 84' lang='lat' dir='ltr'><strong>jace03</strong></span> <span class='ocrx_word' id='word_1_43' title='bbox 581 1123 715 1164; x_wconf 88' lang='lat' dir='ltr'><strong>quam</strong></span> <span class='ocrx_word' id='word_1_44' title='bbox 739 1121 878 1162; x_wconf 81' lang='lat' dir='ltr'><strong>saepe</strong></span> <span class='ocrx_word' id='word_1_45' title='bbox 906 1122 1005 1150; x_wconf 90' lang='lat' dir='ltr'><strong>sum</strong></span> <span class='ocrx_word' id='word_1_46' title='bbox 1026 1115 1264 1163; x_wconf 80' lang='lat' dir='ltr'><strong>gravatus,</strong></span> <span class='ocrx_word' id='word_1_47' title='bbox 1290 1115 1507 1161; x_wconf 86' lang='lat' dir='ltr'><strong>tentatus,</strong></span> 
     </span>
     <span class='ocr_line' id='line_1_10' title="bbox 188 1169 1504 1234; baseline 0.001 -14"><span class='ocrx_word' id='word_1_48' title='bbox 188 1181 397 1220; x_wconf 88' lang='lat' dir='ltr'><strong>turbatus</strong></span> <span class='ocrx_word' id='word_1_49' title='bbox 417 1185 463 1221; x_wconf 86' lang='lat' dir='ltr'><strong>et</strong></span> <span class='ocrx_word' id='word_1_50' title='bbox 477 1180 752 1234; x_wconf 87' lang='lat' dir='ltr'><strong>inquinatus.</strong></span> <span class='ocrx_word' id='word_1_51' title='bbox 790 1179 880 1219; x_wconf 88' lang='lat' dir='ltr'><strong>Pro</strong></span> <span class='ocrx_word' id='word_1_52' title='bbox 898 1179 1103 1220; x_wconf 84' lang='lat' dir='ltr'><strong>remedio</strong></span> <span class='ocrx_word' id='word_1_53' title='bbox 1123 1180 1181 1220; x_wconf 90' lang='lat' dir='ltr'><strong>ad</strong></span> <span class='ocrx_word' id='word_1_54' title='bbox 1199 1169 1504 1234; x_wconf 35' lang='lat' dir='ltr'><strong>te&#39;venio,pro</strong></span> 
     </span>
     <span class='ocr_line' id='line_1_11' title="bbox 189 1249 1508 1303; baseline -0.001 -13"><span class='ocrx_word' id='word_1_55' title='bbox 189 1250 508 1291; x_wconf 80' lang='lat' dir='ltr'><strong>consolatione</strong></span> <span class='ocrx_word' id='word_1_56' title='bbox 527 1255 572 1290; x_wconf 89' lang='lat' dir='ltr'><strong>et</strong></span> <span class='ocrx_word' id='word_1_57' title='bbox 589 1249 899 1290; x_wconf 80' lang='lat' dir='ltr'><strong>sublevamine</strong></span> <span class='ocrx_word' id='word_1_58' title='bbox 915 1254 962 1291; x_wconf 86' lang='lat' dir='ltr'><strong>te</strong></span> <span class='ocrx_word' id='word_1_59' title='bbox 981 1249 1219 1303; x_wconf 86' lang='lat' dir='ltr'><strong>deprecor.</strong></span> <span class='ocrx_word' id='word_1_60' title='bbox 1268 1249 1337 1290; x_wconf 91' lang='lat' dir='ltr'><strong>Ad</strong></span> <span class='ocrx_word' id='word_1_61' title='bbox 1355 1250 1508 1290; x_wconf 85' lang='lat' dir='ltr'><strong>omnia</strong></span> 
     </span>
     <span class='ocr_line' id='line_1_12' title="bbox 189 1318 1507 1375; baseline -0.001 -14"><span class='ocrx_word' id='word_1_62' title='bbox 189 1321 408 1361; x_wconf 88' lang='lat' dir='ltr'><strong>scientem</strong></span> <span class='ocrx_word' id='word_1_63' title='bbox 425 1320 613 1375; x_wconf 86' lang='lat' dir='ltr'><strong>loquor,</strong></span> <span class='ocrx_word' id='word_1_64' title='bbox 641 1320 714 1360; x_wconf 92' lang='lat' dir='ltr'><strong>cui</strong></span> <span class='ocrx_word' id='word_1_65' title='bbox 728 1318 976 1360; x_wconf 86' lang='lat' dir='ltr'><strong>manifesta</strong></span> <span class='ocrx_word' id='word_1_66' title='bbox 992 1324 1097 1360; x_wconf 86' lang='lat' dir='ltr'><strong>sunt</strong></span> <span class='ocrx_word' id='word_1_67' title='bbox 1116 1320 1268 1360; x_wconf 90' lang='lat' dir='ltr'><strong>omnia</strong></span> <span class='ocrx_word' id='word_1_68' title='bbox 1283 1320 1507 1360; x_wconf 86' lang='lat' dir='ltr'><strong>interiora</strong></span> 
     </span>
     <span class='ocr_line' id='line_1_13' title="bbox 187 1388 1505 1444; baseline 0.002 -16"><span class='ocrx_word' id='word_1_69' title='bbox 187 1402 313 1440; x_wconf 87' lang='lat' dir='ltr'><strong>mea,</strong></span> <span class='ocrx_word' id='word_1_70' title='bbox 342 1395 388 1431; x_wconf 88' lang='lat' dir='ltr'><strong>et</strong></span> <span class='ocrx_word' id='word_1_71' title='bbox 412 1391 489 1444; x_wconf 87' lang='lat' dir='ltr'><strong>qui</strong></span> <span class='ocrx_word' id='word_1_72' title='bbox 513 1390 638 1430; x_wconf 89' lang='lat' dir='ltr'><strong>solus</strong></span> <span class='ocrx_word' id='word_1_73' title='bbox 655 1395 787 1443; x_wconf 81' lang='lat' dir='ltr'><strong>potes</strong></span> <span class='ocrx_word' id='word_1_74' title='bbox 806 1402 877 1430; x_wconf 90' lang='lat' dir='ltr'><strong>me</strong></span> <span class='ocrx_word' id='word_1_75' title='bbox 894 1388 1098 1443; x_wconf 86' lang='lat' dir='ltr'><strong>perfecte</strong></span> <span class='ocrx_word' id='word_1_76' title='bbox 1117 1389 1348 1431; x_wconf 87' lang='lat' dir='ltr'><strong>consolari</strong></span> <span class='ocrx_word' id='word_1_77' title='bbox 1366 1394 1411 1430; x_wconf 88' lang='lat' dir='ltr'><strong>et</strong></span> <span class='ocrx_word' id='word_1_78' title='bbox 1428 1389 1505 1430; x_wconf 87' lang='lat' dir='ltr'><strong>ad-</strong></span> 
     </span>
     <span class='ocr_line' id='line_1_14' title="bbox 183 1459 1503 1513; baseline 0.002 -15"><span class='ocrx_word' id='word_1_79' title='bbox 183 1461 361 1512; x_wconf 84' lang='lat' dir='ltr'><strong>juvare.</strong></span> <span class='ocrx_word' id='word_1_80' title='bbox 404 1461 476 1500; x_wconf 92' lang='lat' dir='ltr'><strong>Tu</strong></span> <span class='ocrx_word' id='word_1_81' title='bbox 492 1461 597 1510; x_wconf 89' lang='lat' dir='ltr'><strong>scis,</strong></span> <span class='ocrx_word' id='word_1_82' title='bbox 618 1460 778 1513; x_wconf 91' lang='lat' dir='ltr'><strong>quibus</strong></span> <span class='ocrx_word' id='word_1_83' title='bbox 796 1459 928 1500; x_wconf 88' lang='lat' dir='ltr'><strong>bonis</strong></span> <span class='ocrx_word' id='word_1_84' title='bbox 945 1459 1132 1513; x_wconf 84' lang='lat' dir='ltr'><strong>indigeo</strong></span> <span class='ocrx_word' id='word_1_85' title='bbox 1151 1471 1262 1513; x_wconf 84' lang='lat' dir='ltr'><strong>prae</strong></span> <span class='ocrx_word' id='word_1_86' title='bbox 1282 1460 1503 1511; x_wconf 91' lang='lat' dir='ltr'><strong>omnibus,</strong></span> 
     </span>
     <span class='ocr_line' id='line_1_15' title="bbox 189 1530 1027 1583; baseline 0.002 -15"><span class='ocrx_word' id='word_1_87' title='bbox 189 1534 234 1569; x_wconf 90' lang='lat' dir='ltr'><strong>et</strong></span> <span class='ocrx_word' id='word_1_88' title='bbox 252 1541 386 1582; x_wconf 88' lang='lat' dir='ltr'><strong>quam</strong></span> <span class='ocrx_word' id='word_1_89' title='bbox 401 1542 576 1583; x_wconf 84' lang='lat' dir='ltr'><strong>pauper</strong></span> <span class='ocrx_word' id='word_1_90' title='bbox 592 1542 691 1570; x_wconf 90' lang='lat' dir='ltr'><strong>sum</strong></span> <span class='ocrx_word' id='word_1_91' title='bbox 707 1531 753 1569; x_wconf 88' lang='lat' dir='ltr'><strong>in</strong></span> <span class='ocrx_word' id='word_1_92' title='bbox 771 1530 1027 1570; x_wconf 85' lang='lat' dir='ltr'><strong>virtutibus.</strong></span> 
     </span>
    </p>

    <p class='ocr_par' dir='ltr' id='par_1_6' title="bbox 176 1599 1502 2283">
     <span class='ocr_line' id='line_1_16' title="bbox 268 1599 1502 1653; baseline 0.002 -15"><span class='ocrx_word' id='word_1_93' title='bbox 268 1601 307 1638; x_wconf 88' lang='grc'><strong>2.</strong></span> <span class='ocrx_word' id='word_1_94' title='bbox 340 1600 476 1650; x_wconf 86' lang='lat' dir='ltr'><strong>Ecce,</strong></span> <span class='ocrx_word' id='word_1_95' title='bbox 494 1605 564 1640; x_wconf 88' lang='lat' dir='ltr'><strong>sto</strong></span> <span class='ocrx_word' id='word_1_96' title='bbox 586 1605 688 1640; x_wconf 88' lang='lat' dir='ltr'><strong>ante</strong></span> <span class='ocrx_word' id='word_1_97' title='bbox 706 1605 752 1640; x_wconf 90' lang='lat' dir='ltr'><strong>te</strong></span> <span class='ocrx_word' id='word_1_98' title='bbox 770 1611 943 1652; x_wconf 79' lang='lat' dir='ltr'><strong>pauper</strong></span> <span class='ocrx_word' id='word_1_99' title='bbox 961 1605 1007 1640; x_wconf 85' lang='lat' dir='ltr'><strong>et</strong></span> <span class='ocrx_word' id='word_1_100' title='bbox 1021 1599 1166 1640; x_wconf 88' lang='lat' dir='ltr'><strong>nudus</strong></span> <span class='ocrx_word' id='word_1_101' title='bbox 1180 1630 1191 1649; x_wconf 95' lang='lat'><strong>,</strong></span> <span class='ocrx_word' id='word_1_102' title='bbox 1210 1600 1405 1653; x_wconf 82' lang='lat' dir='ltr'><strong>gratiam</strong></span> <span class='ocrx_word' id='word_1_103' title='bbox 1424 1612 1502 1653; x_wconf 88' lang='lat' dir='ltr'><strong>po-</strong></span> 
     </span>
     <span class='ocr_line' id='line_1_17' title="bbox 184 1668 1501 1722; baseline 0.001 -14"><span class='ocrx_word' id='word_1_104' title='bbox 184 1668 358 1709; x_wconf 88' lang='lat' dir='ltr'><strong>stulans</strong></span> <span class='ocrx_word' id='word_1_105' title='bbox 378 1674 423 1709; x_wconf 89' lang='lat' dir='ltr'><strong>et</strong></span> <span class='ocrx_word' id='word_1_106' title='bbox 437 1668 802 1709; x_wconf 89' lang='lat' dir='ltr'><strong>misericordiam</strong></span> <span class='ocrx_word' id='word_1_107' title='bbox 817 1669 1083 1722; x_wconf 85' lang='lat' dir='ltr'><strong>implorans.</strong></span> <span class='ocrx_word' id='word_1_108' title='bbox 1128 1670 1281 1710; x_wconf 86' lang='lat' dir='ltr'><strong>Refice</strong></span> <span class='ocrx_word' id='word_1_109' title='bbox 1302 1671 1501 1711; x_wconf 89' lang='lat' dir='ltr'><strong>esurien-</strong></span> 
     </span>
     <span class='ocr_line' id='line_1_18' title="bbox 180 1738 1499 1793; baseline 0.003 -16"><span class='ocrx_word' id='word_1_110' title='bbox 180 1742 273 1777; x_wconf 89' lang='lat' dir='ltr'><strong>tem</strong></span> <span class='ocrx_word' id='word_1_111' title='bbox 287 1739 542 1779; x_wconf 87' lang='lat' dir='ltr'><strong>mendicum</strong></span> <span class='ocrx_word' id='word_1_112' title='bbox 555 1744 697 1789; x_wconf 90' lang='lat' dir='ltr'><strong>tuum,</strong></span> <span class='ocrx_word' id='word_1_113' title='bbox 711 1738 908 1779; x_wconf 81' lang='lat' dir='ltr'><strong>accende</strong></span> <span class='ocrx_word' id='word_1_114' title='bbox 919 1738 1219 1793; x_wconf 82' lang='lat' dir='ltr'><strong>frigiditatem</strong></span> <span class='ocrx_word' id='word_1_115' title='bbox 1228 1752 1376 1780; x_wconf 92' lang='lat' dir='ltr'><strong>meam</strong></span> <span class='ocrx_word' id='word_1_116' title='bbox 1393 1740 1405 1779; x_wconf 91' lang='lat' dir='ltr'><strong>i</strong></span> <span class='ocrx_word' id='word_1_117' title='bbox 1411 1752 1499 1793; x_wconf 83' lang='lat' dir='ltr'><strong>gne</strong></span> 
     </span>
     <span class='ocr_line' id='line_1_19' title="bbox 181 1807 1498 1862; baseline 0.004 -17"><span class='ocrx_word' id='word_1_118' title='bbox 181 1807 350 1847; x_wconf 84' lang='lat' dir='ltr'><strong>amoris</strong></span> <span class='ocrx_word' id='word_1_119' title='bbox 367 1809 448 1858; x_wconf 91' lang='lat' dir='ltr'><strong>tui,</strong></span> <span class='ocrx_word' id='word_1_120' title='bbox 466 1808 673 1848; x_wconf 89' lang='lat' dir='ltr'><strong>illumina</strong></span> <span class='ocrx_word' id='word_1_121' title='bbox 691 1810 960 1849; x_wconf 87' lang='lat' dir='ltr'><strong>caecitatem</strong></span> <span class='ocrx_word' id='word_1_122' title='bbox 975 1821 1124 1850; x_wconf 87' lang='lat' dir='ltr'><strong>meam</strong></span> <span class='ocrx_word' id='word_1_123' title='bbox 1143 1810 1351 1850; x_wconf 87' lang='lat' dir='ltr'><strong>claritate</strong></span> <span class='ocrx_word' id='word_1_124' title='bbox 1368 1821 1498 1862; x_wconf 87' lang='lat' dir='ltr'><strong>prae·</strong></span> 
     </span>
     <span class='ocr_line' id='line_1_20' title="bbox 179 1876 1498 1920; baseline 0.003 -5"><span class='ocrx_word' id='word_1_125' title='bbox 179 1876 356 1917; x_wconf 87' lang='lat' dir='ltr'><strong>sentiae</strong></span> <span class='ocrx_word' id='word_1_126' title='bbox 372 1881 495 1918; x_wconf 89' lang='lat' dir='ltr'><strong>tuae.</strong></span> <span class='ocrx_word' id='word_1_127' title='bbox 555 1878 696 1920; x_wconf 87' lang='lat' dir='ltr'><strong>Verte</strong></span> <span class='ocrx_word' id='word_1_128' title='bbox 721 1876 833 1917; x_wconf 88' lang='lat' dir='ltr'><strong>mihi</strong></span> <span class='ocrx_word' id='word_1_129' title='bbox 851 1879 1004 1919; x_wconf 88' lang='lat' dir='ltr'><strong>omnia</strong></span> <span class='ocrx_word' id='word_1_130' title='bbox 1021 1883 1204 1919; x_wconf 87' lang='lat' dir='ltr'><strong>terrena</strong></span> <span class='ocrx_word' id='word_1_131' title='bbox 1219 1880 1266 1919; x_wconf 93' lang='lat' dir='ltr'><strong>in</strong></span> <span class='ocrx_word' id='word_1_132' title='bbox 1284 1880 1498 1919; x_wconf 89' lang='lat' dir='ltr'><strong>amaritu-</strong></span> 
     </span>
     <span class='ocr_line' id='line_1_21' title="bbox 180 1945 1498 2002; baseline 0.002 -17"><span class='ocrx_word' id='word_1_133' title='bbox 180 1945 346 1997; x_wconf 83' lang='lat' dir='ltr'><strong>dinem,</strong></span> <span class='ocrx_word' id='word_1_134' title='bbox 360 1948 511 1988; x_wconf 89' lang='lat' dir='ltr'><strong>omnia</strong></span> <span class='ocrx_word' id='word_1_135' title='bbox 522 1950 681 2002; x_wconf 73' lang='lat' dir='ltr'><strong>gravia</strong></span> <span class='ocrx_word' id='word_1_136' title='bbox 696 1954 741 1989; x_wconf 86' lang='lat' dir='ltr'><strong>et</strong></span> <span class='ocrx_word' id='word_1_137' title='bbox 751 1949 981 1989; x_wconf 86' lang='lat' dir='ltr'><strong>contraria</strong></span> <span class='ocrx_word' id='word_1_138' title='bbox 994 1949 1040 1989; x_wconf 91' lang='lat' dir='ltr'><strong>in</strong></span> <span class='ocrx_word' id='word_1_139' title='bbox 1049 1949 1331 2002; x_wconf 87' lang='lat' dir='ltr'><strong>patientiam,</strong></span> <span class='ocrx_word' id='word_1_140' title='bbox 1345 1950 1498 1989; x_wconf 85' lang='lat' dir='ltr'><strong>omnia</strong></span> 
     </span>
     <span class='ocr_line' id='line_1_22' title="bbox 176 2016 1494 2072; baseline 0.004 -17"><span class='ocrx_word' id='word_1_141' title='bbox 176 2016 332 2056; x_wconf 88' lang='lat' dir='ltr'><strong>infima</strong></span> <span class='ocrx_word' id='word_1_142' title='bbox 350 2022 396 2057; x_wconf 87' lang='lat' dir='ltr'><strong>et</strong></span> <span class='ocrx_word' id='word_1_143' title='bbox 413 2024 568 2059; x_wconf 85' lang='lat' dir='ltr'><strong>creata</strong></span> <span class='ocrx_word' id='word_1_144' title='bbox 583 2020 630 2058; x_wconf 91' lang='lat' dir='ltr'><strong>in</strong></span> <span class='ocrx_word' id='word_1_145' title='bbox 649 2023 925 2059; x_wconf 86' lang='lat' dir='ltr'><strong>contemtum</strong></span> <span class='ocrx_word' id='word_1_146' title='bbox 944 2023 990 2060; x_wconf 87' lang='lat' dir='ltr'><strong>et</strong></span> <span class='ocrx_word' id='word_1_147' title='bbox 1007 2018 1296 2059; x_wconf 86' lang='lat' dir='ltr'><strong>oblivionem.</strong></span> <span class='ocrx_word' id='word_1_148' title='bbox 1353 2019 1494 2072; x_wconf 84' lang='lat' dir='ltr'><strong>Erige</strong></span> 
     </span>
     <span class='ocr_line' id='line_1_23' title="bbox 179 2087 1493 2139; baseline 0.002 -13"><span class='ocrx_word' id='word_1_149' title='bbox 179 2098 260 2126; x_wconf 87' lang='lat' dir='ltr'><strong>cor</strong></span> <span class='ocrx_word' id='word_1_150' title='bbox 289 2099 441 2127; x_wconf 93' lang='lat' dir='ltr'><strong>meum</strong></span> <span class='ocrx_word' id='word_1_151' title='bbox 473 2087 531 2128; x_wconf 89' lang='lat' dir='ltr'><strong>ad</strong></span> <span class='ocrx_word' id='word_1_152' title='bbox 557 2093 604 2128; x_wconf 85' lang='lat' dir='ltr'><strong>te</strong></span> <span class='ocrx_word' id='word_1_153' title='bbox 635 2089 682 2128; x_wconf 91' lang='lat' dir='ltr'><strong>in</strong></span> <span class='ocrx_word' id='word_1_154' title='bbox 709 2089 910 2139; x_wconf 80' lang='lat' dir='ltr'><strong>coelum,</strong></span> <span class='ocrx_word' id='word_1_155' title='bbox 945 2094 990 2129; x_wconf 88' lang='lat' dir='ltr'><strong>et</strong></span> <span class='ocrx_word' id='word_1_156' title='bbox 1013 2101 1070 2129; x_wconf 93' lang='lat' dir='ltr'><strong>ne</strong></span> <span class='ocrx_word' id='word_1_157' title='bbox 1097 2088 1296 2128; x_wconf 88' lang='lat' dir='ltr'><strong>dimittas</strong></span> <span class='ocrx_word' id='word_1_158' title='bbox 1322 2100 1393 2128; x_wconf 89' lang='lat' dir='ltr'><strong>me</strong></span> <span class='ocrx_word' id='word_1_159' title='bbox 1418 2100 1493 2128; x_wconf 79' lang='lat' dir='ltr'><strong>va-</strong></span> 
     </span>
     <span class='ocr_line' id='line_1_24' title="bbox 177 2156 1492 2211; baseline 0.003 -17"><span class='ocrx_word' id='word_1_160' title='bbox 177 2156 279 2208; x_wconf 86' lang='lat' dir='ltr'><strong>gari</strong></span> <span class='ocrx_word' id='word_1_161' title='bbox 303 2169 440 2210; x_wconf 87' lang='lat' dir='ltr'><strong>super</strong></span> <span class='ocrx_word' id='word_1_162' title='bbox 460 2162 644 2198; x_wconf 88' lang='lat' dir='ltr'><strong>terram.</strong></span> <span class='ocrx_word' id='word_1_163' title='bbox 705 2158 778 2198; x_wconf 90' lang='lat' dir='ltr'><strong>Tu</strong></span> <span class='ocrx_word' id='word_1_164' title='bbox 802 2158 928 2199; x_wconf 89' lang='lat' dir='ltr'><strong>solus</strong></span> <span class='ocrx_word' id='word_1_165' title='bbox 951 2156 1064 2197; x_wconf 86' lang='lat' dir='ltr'><strong>mihi</strong></span> <span class='ocrx_word' id='word_1_166' title='bbox 1090 2169 1146 2198; x_wconf 79' lang='lat' dir='ltr'><strong>ex</strong></span> <span class='ocrx_word' id='word_1_167' title='bbox 1169 2156 1257 2198; x_wconf 89' lang='lat' dir='ltr'><strong>hoc</strong></span> <span class='ocrx_word' id='word_1_168' title='bbox 1275 2159 1371 2211; x_wconf 89' lang='lat' dir='ltr'><strong>jam</strong></span> <span class='ocrx_word' id='word_1_169' title='bbox 1397 2157 1492 2198; x_wconf 89' lang='lat' dir='ltr'><strong>dul-</strong></span> 
     </span>
     <span class='ocr_line' id='line_1_25' title="bbox 178 2227 1494 2283; baseline 0.002 -17"><span class='ocrx_word' id='word_1_170' title='bbox 178 2237 332 2267; x_wconf 88' lang='lat' dir='ltr'><strong>cescas</strong></span> <span class='ocrx_word' id='word_1_171' title='bbox 366 2240 509 2281; x_wconf 88' lang='lat' dir='ltr'><strong>usque</strong></span> <span class='ocrx_word' id='word_1_172' title='bbox 541 2229 584 2268; x_wconf 86' lang='lat' dir='ltr'><strong>iu</strong></span> <span class='ocrx_word' id='word_1_173' title='bbox 619 2228 875 2281; x_wconf 87' lang='lat' dir='ltr'><strong>saeculum,</strong></span> <span class='ocrx_word' id='word_1_174' title='bbox 913 2229 1020 2283; x_wconf 89' lang='lat' dir='ltr'><strong>quia</strong></span> <span class='ocrx_word' id='word_1_175' title='bbox 1049 2232 1099 2268; x_wconf 87' lang='lat' dir='ltr'><strong>tu</strong></span> <span class='ocrx_word' id='word_1_176' title='bbox 1130 2227 1254 2269; x_wconf 90' lang='lat' dir='ltr'><strong>solus</strong></span> <span class='ocrx_word' id='word_1_177' title='bbox 1288 2228 1412 2269; x_wconf 90' lang='lat' dir='ltr'><strong>cibus</strong></span> <span class='ocrx_word' id='word_1_178' title='bbox 1448 2233 1494 2269; x_wconf 87' lang='lat' dir='ltr'><strong>et</strong></span> 
     </span>
    </p>
   </div>
  </div>
 </body>
</html>
