1530 2517
333 142 596 179 CHRISTI
652 142 763 178 LIB.
794 142 825 179 1.
858 143 979 179 CAP.
1011 144 1049 179 5.
1069 144 1107 180 6.
1336 141 1391 180 11

57 241 197 283 verba
215 240 511 290 Sanctorum3
538 251 624 280 nec
648 237 923 292 displiceant
937 239 1023 279 tibi
1046 238 1300 292 parabolae
1319 250 1389 280 se-

5 299 7 301 ’
56 312 257 353 niorum:
277 311 375 352 sine
394 321 559 352 caussa
577 309 697 351 enim
712 321 804 350 non
821 307 1132 362 proferuntur.

554 505 882 529 *OOC-''—

512 694 772 740 CAPUT
836 694 936 739 VI.

353 793 424 836 De
456 793 725 835 inordinatis
759 792 1087 849 affectionibus.

140 932 180 971 1.
215 911 605 986 Quandocunque
638 929 776 972 homo
811 930 986 986 aliquid
1016 931 1278 974 inordinate
1312 945 1388 987 ap-

54 1005 193 1060 petit,
221 1004 375 1046 statim
398 1005 446 1045 in
462 1017 512 1046 se
527 1005 762 1060 inquietus
781 1004 845 1045 fit.
907 1004 1139 1059 Superbus
1160 1011 1205 1048 et
1222 1020 1387 1048 avarus

54 1088 286 1131 nunquam
304 1075 750 1130 quiescunt3pauper
768 1079 815 1117 et
830 1073 1013 1117 humilis
1031 1077 1195 1131 spiritu
1212 1078 1259 1118 in
1274 1078 1388 1118 mul-

53 1146 250 1188 titudine
282 1146 410 1200 pacis
444 1150 787 1187 conversantur.
862 1147 1042 1198 Homo,
1085 1148 1161 1202 qui
1193 1148 1388 1189 necdum

53 1216 260 1272 perfecte
284 1217 331 1257 in
357 1229 406 1258 se
431 1221 638 1258 mortuus
665 1223 757 1268 est,
785 1217 876 1259 cito
902 1222 1108 1259 tentatur
1133 1224 1178 1259 et
1193 1219 1390 1260 vincitur

54 1289 101 1329 in
133 1288 286 1341 parvis
319 1291 366 1332 et
395 1287 562 1328 vilibus
591 1288 746 1329 rebus.
828 1288 1038 1330 Infirmus
1068 1289 1116 1329 in
1149 1289 1311 1342 spiritu
1345 1292 1392 1330 et

57 1357 397 1413 quodammodo
432 1355 581 1399 adhuc
613 1357 809 1399 carnalis
844 1363 891 1399 et
916 1359 974 1399 ad
999 1359 1238 1399 sensibilia
1261 1358 1390 1400 incli-

57 1433 191 1468 natus
232 1427 480 1469 difficulter
512 1441 562 1469 se
593 1432 750 1482 potest
781 1441 808 1469 a
841 1429 1036 1470 terrenis
1063 1428 1307 1470 desideriis
1335 1440 1392 1470 ex

55 1503 155 1540 toto
191 1495 475 1540 abstrahere.
543 1499 602 1540 Et
632 1498 738 1540 ideo
780 1512 920 1554 saepe
960 1498 1103 1541 habet
1141 1499 1390 1549 tristitiam,

59 1581 157 1611 cum
185 1581 235 1610 se
269 1567 520 1620 subtrahit;
549 1569 715 1611 leviter
741 1570 879 1610 etiam
902 1569 1191 1623 indignatur,
1219 1569 1258 1610 si
1292 1570 1392 1623 quis

61 1640 103 1680 ei
118 1639 307 1681 resistit.

145 1712 185 1749 2.
220 1709 270 1752 Si
287 1714 439 1751 autem
463 1715 736 1764 prosecutus
761 1709 904 1751 fuerit
913 1741 924 1761 ,
953 1710 1076 1765 quod
1094 1710 1390 1764 concupiscit,

61 1781 216 1821 statim
243 1791 300 1821 ex
320 1785 455 1821 reatu
480 1782 789 1836 conscientiae
815 1787 1056 1835 gravatur,
1085 1781 1192 1835 quia
1208 1785 1391 1821 secutus

63 1856 134 1893 est
148 1851 412 1905 passionem
428 1864 572 1903 suam,
586 1864 703 1906 quae
720 1850 835 1892 nihil
847 1852 978 1906 juvat
994 1851 1053 1892 ad
1069 1863 1245 1905 pacem,
1259 1863 1394 1905 quam

65 1921 305 1977 quaesivit.
364 1922 640 1964 Resistendo
673 1923 817 1977 igitur
847 1922 1141 1976 passionibus
1165 1922 1395 1962 invenitur

63 2004 153 2046 pax
167 2003 280 2032 vera
296 1991 471 2041 cordis,
496 2004 589 2032 non
613 1998 766 2034 autem
792 1994 859 2034 eis
883 1992 1142 2034 serviendo.
1202 1991 1307 2032 Non
1326 1995 1396 2032 est

65 2074 176 2116 ergo
202 2073 294 2116 pax
316 2062 362 2102 in
389 2061 528 2103 corde
553 2061 748 2105 hominis
776 2064 996 2114 carnalis,
1029 2076 1122 2105 non
1144 2063 1192 2103 in
1209 2060 1391 2103 homine

66 2133 373 2174 exterioribus
392 2131 564 2183 dedito,
583 2132 729 2174 sedin
745 2133 924 2176 fervido
945 2139 991 2175 et
1007 2133 1250 2188 spirituali.

565 2296 896 2319 -ᾕοΘο--υ
