1530 2517
333 134 597 172 CHRISTI
654 135 763 170 LIB.
794 135 824 171 1.
858 135 979 171 CAP.
1013 135 1050 170 7.
1071 136 1109 171 8.
1338 132 1391 173 13

57 231 237 282 humili,
271 232 317 272 in
344 230 483 273 eorde
511 235 665 273 autem
689 231 874 284 superbi
901 231 1030 273 zelus
1057 236 1103 273 et
1133 230 1390 285 indignatio

58 301 291 357 frequens.

488 673 747 719 CAPUT
818 673 976 718 V111.

312 771 382 814 De
421 773 617 814 cavenda
650 773 785 814 nimia
807 772 1148 829 familiaritate.

148 909 189 948 1.
220 890 352 949 Non
387 909 529 948 omni
573 906 789 948 homini
829 907 1055 948 reveles
1098 920 1193 948 cor
1223 912 1397 959 tuum,

66 975 148 1017 sed
159 990 260 1017 cum
271 976 479 1029 sapiente
500 981 546 1017 et
561 977 751 1017 timente
761 975 911 1016 Deum
931 989 1017 1031 age
1031 988 1240 1018 caussam
1255 981 1397 1016 tuam.

66 1048 178 1087 Cum
184 1047 428 1101 juvenibus
441 1051 487 1087 et
498 1047 728 1088 eXffaneis
744 1059 877 1087 rarus
892 1052 1007 1088 esto.
1056 1048 1168 1088 Cum
1182 1048 1398 1088 divitibus

64 1116 161 1157 noli
184 1116 386 1158 blandiri
412 1121 458 1158 et
483 1130 640 1159 coram
664 1118 955 1171 magnatibus
981 1130 1073 1158 non
1098 1118 1296 1160 libenter
1321 1131 1398 1173 ap-

62 1199 244 1241 pareas.
307 1185 420 1228 Cum
437 1186 682 1228 humilibus
703 1192 749 1229 et
764 1188 1071 1241 simplicibus,
1099 1202 1200 1230 cum
1218 1189 1398 1230 devotis

66 1263 112 1298 et
134 1259 428 1312 morigeratis
462 1259 666 1308 sociare,
702 1262 748 1298 et
773 1270 888 1312 quae
916 1258 1253 1300 aedificationis
1279 1264 1397 1308 sunt,

63 1333 311 1381 pertracta.
373 1327 478 1368 Non
496 1329 558 1368 sis
585 1327 828 1368 familiaris
857 1328 996 1369 alicui
1019 1330 1224 1379 mulieri,
1253 1328 1335 1369 sed
1351 1328 1400 1367 in

67 1398 294 1438 communi
337 1410 493 1437 omnes
531 1397 678 1437 bonas
717 1398 935 1439 mulieres
967 1399 1070 1440 Deo
1113 1397 1397 1439 commenda.

67 1468 169 1510 Soli
208 1468 310 1508 Deo
347 1472 392 1508 et
421 1467 607 1521 Angelis
651 1468 748 1521 ejus
792 1474 900 1521 opta
932 1467 1176 1509 familiaris
1219 1481 1319 1509 esse
1354 1473 1401 1508 et

64 1536 298 1579 hominum
315 1538 526 1577 notitiam
545 1537 711 1578 devita.

148 1610 189 1648 2.
224 1608 404 1649 Caritas
423 1606 635 1648 habenda
654 1614 724 1649 est
743 1609 800 1649 ad
820 1621 992 1660 omnes,
1006 1609 1088 1650 sed
1105 1609 1397 1650 familiaritas

65 1691 158 1719 non
177 1677 375 1732 expedit.
440 1677 727 1733 Quandoque
747 1680 936 1730 accidit,
956 1686 1006 1720 ut
1021 1692 1222 1733 persona
1237 1680 1399 1734 ignota

67 1760 124 1789 ex
139 1749 262 1789 bona
278 1747 404 1790 fama
419 1748 638 1800 lucescat,
653 1749 780 1803 eujus
792 1755 943 1796 tamen
954 1750 1220 1803 praesent-ia
1238 1749 1397 1790 oeulos

64 1819 339 1859 intuentium
365 1817 577 1860 offuscat.
638 1820 857 1861 Putamus
885 1820 1131 1874 aliquando
1167 1820 1270 1861 aliis
1302 1821 1398 1873 pla-

69 1901 174 1929 eere
217 1900 274 1929 ex
315 1890 635 1942 conjunctione
668 1895 850 1940 nostra,
894 1894 940 1931 et
969 1891 1211 1944 incipimus
1251 1891 1399 1943 magis

68 1959 312 2012 displicere
348 1971 404 2000 ex
443 1972 620 2000 morum
660 1961 956 2013 improbitate
990 1961 1036 2000 in
1077 1961 1210 2001 nobis
1253 1961 1399 2001 consi-

67 2029 242 2069 derata.

155 2142 184 2171 1.
202 2138 417 2173 Ecclesiast.
436 2144 468 2178 S,
484 2143 539 2172 22.
