1530 2517
175 125 248 164 [78
566 123 649 159 DE
687 121 1090 159 IMITATIONE

601 382 861 430 CAPUT
908 385 1062 430 L111.

321 499 452 551 Quod
479 497 635 554 gratia
665 496 756 539 Dei
785 511 874 539 non
904 496 1111 538 miscetur
1143 504 1346 538 terrrena

686 566 968 624 sapientibus.

255 718 296 758 1.
326 701 455 767 Fffi,
482 715 689 769 pretiosa
715 717 785 754 est
808 714 961 768 gratia
983 725 1109 764 mea,
1135 725 1226 754 non
1250 712 1423 767 patitur
1447 725 1496 755 se

172 792 361 835 misceri
378 789 608 832 extraneis
623 788 762 829 rebus
780 801 865 829 nec
881 789 1272 831 consolationibus
1283 788 1495 830 terrenis.

172 863 382 916 Abjicere
411 871 521 913 ergo
550 863 735 913 oportet
759 859 912 900 omnia
942 859 1269 914 impedimenta
1300 860 1495 914 gratiae,

173 934 212 974 si
238 935 369 985 optas
397 931 495 984 ejus
517 928 796 971 infusionem
818 931 1069 985 suscipere.
1128 931 1242 972 Pete
1268 934 1495 971 secretum

171 1003 277 1053 tibi,
304 1013 408 1041 ama
432 999 558 1040 solus
575 998 785 1042 habitare
801 1004 976 1051 tecum,
1001 1001 1170 1042 nullius
1185 1001 1370 1055 require
1389 1012 1494 1042 con-

171 1071 527 1121 fabulationem,
553 1070 637 1111 sed
660 1071 809 1125 magis
834 1070 894 1111 ad
908 1070 1059 1112 Deum
1077 1071 1290 1113 devotam
1308 1069 1493 1112 effunde

171 1157 376 1199 precem,
409 1145 460 1180 ut
491 1145 806 1194 compunctam
836 1144 996 1182 teneas
1027 1146 1226 1183 mentem
1260 1145 1306 1183 et
1332 1153 1494 1195 puram

174 1211 514 1256 conscientiam.
574 1211 745 1250 Totum
769 1209 984 1251 mundum
1010 1209 1124 1252 nihil
1150 1212 1366 1262 aestima3
1403 1211 1496 1252 Dei

172 1284 460 1325 vacationem
501 1280 709 1322 omnibus
748 1279 1054 1322 exterioribus
1089 1285 1331 1335 antepone.
1390 1280 1495 1322 Non

176 1356 295 1397 enim
311 1352 485 1408 poteris
501 1350 613 1392 mihi
627 1362 794 1393 vacare
814 1354 859 1391 et
873 1350 921 1391 in
936 1351 1214 1392 transitoriis
1231 1351 1405 1404 pariter
1419 1350 1494 1391 de-

174 1425 352 1467 lectari.
412 1424 449 1464 A
479 1423 600 1462 notis
635 1426 680 1462 et
712 1434 739 1462 a
771 1421 889 1462 caris
917 1425 1101 1475 oportet
1125 1421 1335 1476 elongari
1368 1426 1414 1462 et
1439 1421 1495 1462 ab

178 1495 300 1536 omni
338 1491 582 1546 temporali
619 1491 788 1533 solatio
830 1496 1028 1534 mentem
1063 1496 1221 1533 tenere
1254 1493 1494 1546 privatam,

178 1567 254 1608 Sic
287 1566 500 1606 obsecrat
536 1562 590 1602 Β.
617 1561 864 1614 Apostolus
897 1562 1084 1613 Petrus,
1136 1566 1188 1603 ut
1232 1567 1498 1616 tanquam

179 1637 423 1677 advenas
470 1638 524 1674 et
568 1632 905 1686 peregrinos
951 1633 1007 1673 in
1053 1631 1156 1674 hoc
1202 1631 1403 1672 mundo
1446 1644 1496 1672 se

178 1706 441 1749 contineant
458 1700 629 1744 Christi
644 1700 820 1742 fideles.

258 1778 298 1816 2.
333 1775 370 1815 Ο
399 1777 567 1828 quanta
591 1772 758 1812 fiducia
784 1772 871 1812 erit
893 1772 1140 1823 morituro,
1170 1785 1304 1829 quem
1326 1772 1495 1813 nullius

172 1847 242 1887 rei
269 1843 461 1885 affectus
488 1842 661 1883 detinet
683 1842 730 1882 in
753 1840 951 1883 mundoit
1009 1842 1102 1884 Sed
1118 1843 1185 1884 sic
1201 1848 1496 1897 segregatum

175 1928 255 1957 cor
271 1913 441 1955 habere
469 1913 523 1952 ab
552 1912 759 1952 omnibus
786 1923 927 1964 aeger
950 1912 1143 1953 necdum
1162 1913 1283 1965 capit
1301 1913 1493 1961 animus,

173 1999 259 2028 nec
285 1983 494 2024 animalis
513 1981 649 2022 homo
676 1982 804 2023 novit
818 1982 987 2022 interni
1002 1980 1199 2023 hominis
1216 1983 1494 2023 libertatem.

171 2057 382 2096 Attamen
408 2053 447 2093 si
471 2065 578 2093 vere
603 2052 715 2093 velit
740 2064 841 2092 esse
868 2051 1141 2104 spiritualis,
1177 2057 1362 2105 oportet
1391 2064 1492 2092 eum

171 2125 435 2166 renuntiare
454 2126 548 2162 tam
563 2122 752 2163 remotis
769 2134 902 2176 quam
912 2122 1192 2175 propinquis,
1206 2126 1251 2162 et
1269 2133 1296 2161 a
1313 2122 1492 2164 nemine

266 2267 297 2297 1.
326 2267 345 2296 1
363 2262 467 2296 Petr.
486 2265 518 2301 2,
535 2265 590 2295 11.
