1530 2517
118 151 201 191 100
531 150 615 186 DE
646 150 1046 187 IMITATIONE

122 245 428 289 Transcendit
453 249 605 287 autem
626 244 742 288 haec
767 247 938 297 omnia,
966 247 1073 301 quia
1088 250 1137 286 tu
1153 246 1253 299 ipse
1270 244 1444 287 homini

123 318 296 358 servire
329 315 541 370 dignatus
576 329 647 367 es,
691 321 737 358 et
765 321 812 358 te
842 317 992 370 ipsum
1024 315 1235 357 daturum
1268 317 1311 358 ei
1341 329 1444 370 pro-

123 387 301 428 misisti.
1408 437 1413 441 .

208 456 249 497 4.
284 455 404 506 Quid
421 455 539 497 dabo
552 457 634 497 tibi
643 468 727 510 pro
748 457 955 497 omnibus
965 457 1065 498 istis
1075 456 1277 497 millibus
1286 453 1447 496 bonisZ

123 527 306 567 Utinam
317 538 502 579 possem
512 526 596 566 tibi
607 527 780 567 servire
799 527 970 567 cunctis
983 526 1142 567 diebus
1153 526 1275 566 vitae
1292 537 1424 566 meae
1437 524 1447 564 l

126 596 308 636 Utinam
323 595 398 636 vel
421 607 511 636 uno
532 594 606 635 die
624 595 810 649 dignum
834 597 1067 637 servitium
1092 595 1307 637 exhibere
1327 595 1448 636 suffi-

128 663 298 707 cerem!
357 665 480 707 Vere
504 669 553 706 tu
580 678 628 706 es
647 665 810 720 dignus
839 667 962 707 omni
986 666 1200 715 servitio,
1229 665 1352 706 omni
1368 663 1449 705 ho-

127 748 240 776 nore
268 740 312 776 et
336 735 472 776 laude
499 739 701 776 aeterna.
761 736 883 778 Vere
907 736 1131 777 Dominus
1163 747 1292 776 meus
1325 747 1373 776 es
1405 740 1451 776 et

131 818 217 860 ego
235 817 410 859 pauper
434 818 591 846 servus
615 810 744 857 tuus,
772 807 849 860 qui
871 807 982 847 totis
999 806 1170 846 viribus
1186 809 1349 847 teneor
1364 805 1451 845 tibi

128 876 320 926 servire,
338 888 424 916 nec
439 887 638 928 unquam
654 876 701 915 in
717 875 928 917 laudibus
947 876 1036 917 tuis
1055 876 1201 917 debeo
1220 874 1446 916 fastidire.
1489 904 1491 906 ψ

129 945 205 987 Sic
220 945 326 986 volo
339 975 351 996 ,
377 945 444 986 sie
461 944 698 996 desidero,
720 950 764 987 et
782 945 1001 1000 quidquid
1017 944 1128 986 mihi
1146 945 1298 997 deest,
1315 950 1366 986 tu
1383 945 1449 986 di-

128 1016 281 1070 gneris
299 1015 525 1068 supplere.

211 1085 251 1125 5.
282 1085 480 1139 Magnus
504 1083 674 1136 honor,
706 1098 875 1140 magna
905 1086 1057 1139 gloria
1080 1086 1165 1126 tibi
1197 1085 1370 1126 servire
1407 1089 1452 1125 et-

131 1155 284 1196 omnia
298 1158 488 1208 propter
502 1158 549 1196 te
568 1159 874 1197 contemnere.
934 1156 1184 1196 Habebunt
1209 1155 1328 1196 enim
1348 1167 1451 1209 gra-

128 1226 240 1265 tiam
256 1236 483 1279 magnam,
503 1225 579 1279 qui
595 1229 757 1278 sponte
776 1236 826 1266 se
844 1224 1123 1277 subjecerint
1137 1229 1244 1265 tuae
1263 1225 1452 1266 sanetis-

130 1296 273 1336 simae
314 1294 537 1335 servituti.
609 1294 849 1335 Inveniunt
900 1294 1218 1335 suavissimam
1257 1294 1453 1348 Spiritus

130 1365 277 1406 saneti
295 1363 672 1414 consolationem,
691 1364 768 1418 qui
784 1376 866 1417 pro
887 1376 1043 1406 amore
1060 1370 1139 1406 tuo
1161 1377 1339 1406 omnem
1358 1377 1454 1405 car-

129 1435 280 1476 nalem
299 1434 550 1488 abjecerint
567 1432 934 1475 delectationem.
997 1436 1345 1490 Consequentur
1360 1447 1454 1475 ma·

131 1518 268 1559 gnam
292 1505 456 1546 mentis
474 1504 757 1555 libertatem,
785 1504 862 1558 qui
880 1508 1053 1545 arctam
1068 1517 1152 1558 pro
1171 1506 1354 1546 nomine
1370 1509 1451 1545 tuo

129 1575 451 1629 ingrediuntur
471 1575 589 1615 viam
615 1580 662 1616 et
679 1586 859 1616 omnem
875 1574 1150 1616 mundanam
1166 1575 1454 1629 neglexerint

135 1657 302 1685 curam.
791 1684 793 1686 ,

215 1716 255 1755 6.
289 1716 325 1756 Ο
345 1720 477 1769 grata
496 1721 542 1755 et
553 1713 756 1767 jucunda
771 1715 862 1756 Dei
878 1716 1095 1765 servitus,
1116 1727 1205 1768 qua
1221 1713 1358 1755 homo
1377 1727 1452 1755 ve-

128 1787 301 1827 raciter
326 1785 520 1826 efficitur
537 1786 653 1826 liber
679 1792 724 1826 et
748 1784 953 1826 sanctus!
1015 1786 1052 1826 Ο
1071 1797 1204 1826 sacer
1219 1789 1365 1825 status
1381 1797 1452 1825 re-

129 1855 159 1895 li
166 1844 285 1909 giesi
304 1854 566 1905 famulatus,
580 1856 656 1909 qui
672 1853 1097 1909 hominemAngeh's
1113 1847 1270 1896 reddit
1284 1866 1451 1909 aequa-

129 1926 242 1975 lem,
261 1926 363 1967 Deo
382 1924 676 1979 placabilem,
700 1924 998 1966 daemonibus
1014 1925 1267 1966 terribilem
1286 1929 1331 1966 et
1347 1937 1452 1965 cun-

131 1996 214 2036 ctis
240 1994 450 2036 fidelibus
476 1994 904 2037 commendabilem!
953 1996 990 2037 Ο
1018 1994 1382 2048 amplectendum
1407 1999 1453 2035 et

129 2078 310 2118 semper
328 2065 575 2119 optandum
592 2065 848 2115 servitium,
874 2077 962 2119 quo
981 2077 1204 2106 summum
1218 2076 1450 2118 promere-

129 2142 203 2177 tur
212 2137 396 2186 bonum,
410 2144 455 2177 et
464 2135 681 2190 gaudium
692 2135 943 2189 acquiritur
952 2136 1050 2178 sine
1060 2135 1149 2176 fine
1165 2132 1448 2175 mansurum!

634 2283 958 2304 Μορον-
