1530 2517
288 156 551 195 CHRISTI
611 155 717 191 LIB.
751 156 779 191 1.
816 156 936 192 CAP.
972 157 1122 191 14.15.
1318 153 1371 194 23

482 386 745 436 CAPUT
808 386 937 432 XV.

305 501 376 544 De
412 502 614 558 operibus
656 515 708 543 ex
744 500 934 543 caritate
952 499 1114 557 factis.

130 649 170 691 1.
202 634 302 692 Pro
321 649 448 690 nulla
470 662 521 689 re
547 648 703 689 mundi
723 653 768 690 et
786 662 867 703 pro
895 651 1061 691 nullius
1087 648 1285 691 hominis
1312 651 1379 692 di-

48 722 247 763 lectione
266 720 455 774 aliquod
470 720 640 760 malum
660 727 730 761 est
746 719 1030 771 faciendum3
1056 722 1136 762 sed
1154 734 1237 775 pro
1256 722 1378 762 utili-

48 797 143 833 tate
168 797 322 832 tamen
347 790 596 845 indigentis
624 803 737 844 opus
762 791 932 831 bonum
957 791 1102 832 libere
1129 791 1376 846 aliquando

48 860 439 903 intermittendum
459 864 540 910 est,
554 864 633 900 aut
650 861 787 900 etiam
803 873 886 914 pro
897 861 1076 901 meliori
1096 862 1378 902 mutandum.

48 933 154 973 Hoc
179 932 298 973 enim
323 930 448 972 facto
477 943 590 984 opus
614 930 785 971 bonum
810 944 902 971 non
928 931 1191 981 destruitur,
1227 931 1309 972 sed
1332 932 1381 972 in

48 1002 212 1043 melius
246 1005 564 1043 commutatur.
627 1000 734 1042 Sine
768 1001 960 1043 caritate
994 1014 1108 1056 opus
1142 1006 1380 1043 externum

47 1071 162 1114 nihil
191 1071 405 1126 prodest3
446 1070 666 1126 quidquid
709 1076 861 1113 autem
895 1084 951 1113 ex
984 1072 1176 1113 caritate
1210 1073 1378 1127 agitur,

50 1147 448 1197 quantumcunque
475 1142 614 1182 etiam
639 1154 830 1195 parvum
854 1142 914 1183 sit
940 1147 985 1184 et
1002 1142 1291 1197 despectum,
1309 1148 1380 1183 to-

46 1219 142 1254 tum
184 1214 382 1255 efficitur
421 1211 721 1254 fructuosum.
794 1213 946 1267 Magis
987 1213 1213 1268 siquidem
1251 1214 1380 1255 Deus

47 1287 225 1337 pensat,
245 1294 303 1325 ex
320 1287 489 1337 quanto
510 1283 610 1338 quis
630 1283 741 1338 agit,
762 1296 896 1338 quam
915 1296 1029 1337 opus
1048 1283 1171 1338 quod
1187 1283 1311 1325 facit.

132 1369 173 1408 2.
204 1367 401 1409 Multum
432 1367 566 1418 facit,
611 1368 689 1422 qui
719 1367 910 1409 multum
944 1368 1108 1423 diligit.
1182 1369 1381 1410 Multum

48 1438 183 1489 facit,
211 1439 288 1493 qui
302 1451 401 1480 rem
416 1438 534 1479 bene
552 1436 678 1480 facit.
738 1438 865 1480 Bene
883 1437 1018 1489 facit,
1039 1439 1115 1493 qui
1132 1439 1381 1480 communi-

47 1509 134 1549 tati
150 1509 297 1563 magis
309 1539 320 1559 ,
352 1521 487 1563 quam
503 1520 615 1550 suae
631 1508 858 1550 voluntati
874 1509 1028 1550 servit.
1090 1508 1238 1562 Saepe
1255 1508 1382 1549 vide-

48 1584 124 1620 tur
141 1591 243 1620 esse
269 1578 461 1631 caritas,
490 1583 535 1620 et
560 1583 632 1620 est
652 1580 801 1634 magis
820 1579 1091 1630 carnalitas,
1120 1581 1227 1634 quia
1251 1584 1381 1619 natu-

48 1649 161 1692 ralis
177 1648 414 1691 inclinatio
425 1679 438 1701 ,
464 1649 655 1703 propria
669 1649 883 1691 voluntas
894 1680 906 1701 ,
925 1663 1029 1704 spes
1045 1649 1379 1700 retributionis,

52 1718 246 1762 affectus
264 1719 604 1762 commoditatis
619 1732 729 1762 raro
750 1721 913 1762 abesse
930 1720 1103 1762 volunt.

134 1804 174 1845 3.
210 1804 300 1854 Qui
328 1815 485 1846 veram
519 1809 565 1846 et
587 1804 842 1859 perfectam
876 1805 1114 1847 caritatem
1147 1803 1300 1855 habet,
1334 1804 1381 1844 in

50 1874 177 1916 nulla
198 1887 251 1916 re
277 1887 327 1916 se
351 1874 502 1928 ipsum
528 1876 726 1930 quaerit,
752 1876 834 1916 sed
857 1876 949 1917 Dei
974 1874 1262 1916 solummodo
1282 1874 1382 1928 glo-

49 1947 169 1987 riam
185 1945 233 1985 in
251 1945 459 1986 omnibus
471 1946 832 1987 fieridesiderat.
891 1946 1019 1988 Nulli
1038 1946 1175 1986 etiam
1191 1944 1380 1994 invidet,

51 2015 161 2070 quia
175 2014 351 2056 nullum
375 2015 602 2069 privatum
627 2016 846 2071 gaudium
864 2021 1007 2067 amat3
1030 2029 1116 2057 nee
1138 2017 1185 2056 in
1211 2028 1260 2056 se
1277 2016 1379 2068 ipso

50 2085 150 2125 vult
170 2084 396 2139 gaudere,
431 2085 513 2127 sed
536 2086 584 2126 in
608 2087 710 2128 Deo
743 2100 882 2141 super
913 2087 1066 2128 omnia
1096 2086 1221 2126 bona
1253 2088 1384 2137 optat

49 2155 320 2196 beatificari.
380 2155 564 2198 Nemini
597 2156 769 2211 aliquid
800 2157 912 2198 boni
943 2156 1164 2205 attribuit,
1200 2154 1282 2195 sed
1312 2158 1382 2195 to·

51 2224 209 2266 taliter
236 2225 295 2265 ad
310 2226 461 2267 Deum
476 2226 644 2277 refert,
673 2239 700 2266 a
718 2240 806 2281 quo
833 2227 1074 2268 fontaliter
1099 2225 1252 2267 omnia
1275 2236 1381 2278 pro·

56 2294 243 2347 cedunt,
268 2296 314 2336 in
333 2309 421 2350 quo
449 2297 649 2338 finaliter
675 2309 831 2338 omnes
859 2297 1014 2339 Sancti
1040 2296 1286 2338 fruibiliter
1308 2306 1380 2336 re-
