1530 2517
273 139 535 176 CHRISTI
594 139 703 175 [ΑΒ.
736 140 804 176 ΠΙ.
847 141 967 176 CAP.
998 142 1065 176 45.
1085 142 1150 176 46.
1297 139 1377 179 ’161

47 233 255 276 homines
273 236 443 290 magis,
464 247 599 289 quam
619 240 823 289 oportet,
849 235 1075 277 attendis'ss
1133 236 1250 278 Nam
1270 237 1378 291 quia

48 305 222 360 despici
239 306 428 356 metuis,
453 304 731 359 reprehendi
747 318 829 359 pro
851 307 1116 348 excessibus
1134 319 1225 348 non
1243 307 1311 348 vis
1332 312 1377 349 et

47 377 392 418 excusationum
410 377 678 417 umbracula
697 376 896 431 quaeris.

129 447 169 486 2.
203 445 296 488 Sed
320 446 494 500 inspice
520 452 567 487 te
585 447 773 497 melius,
801 452 847 487 et
864 458 1113 500 agnosces,
1140 447 1246 500 quia
1264 446 1374 486 vivit

46 513 196 557 adhuc
210 516 258 556 in
274 521 321 557 te
344 515 538 557 mundus
566 522 611 557 et
627 530 770 557 vanus
799 529 927 557 amor
949 515 1162 570 placendi
1180 514 1373 555 homini-

42 586 142 628 bus.
205 587 319 629 Cum
345 588 466 628 enim
482 587 664 628 bassari
678 587 856 642 refugis
884 591 929 628 et
955 585 1174 628 confundi
1190 599 1273 639 pro
1294 586 1371 627 de-

41 655 262 709 fectibus,
289 662 470 699 constat
485 659 667 713 utique,
696 658 819 713 quod
835 670 919 698 nec
935 670 1070 698 verus
1088 655 1271 696 humilis
1290 658 1369 707 sis,

41 739 125 767 nec
141 738 250 768 vere
267 727 436 768 mundo
455 735 678 780 mortuus,
697 742 782 770 nee
797 728 990 769 mundus
1007 728 1092 768 tibi
1111 727 1365 768 crucifixus.

41 795 132 838 Sed
150 796 259 838 audi
275 798 464 839 verbum
481 811 653 850 meum,
674 804 720 840 et
735 811 826 840 non
845 799 1025 840 curabis
1045 797 1203 838 decem
1221 797 1369 838 millia

38 867 178 908 verba
194 866 443 909 hominum.
502 870 645 920 Ecce,
673 869 713 910 si
740 873 902 910 cuncta
920 872 1081 909 contra
1096 872 1143 908 te
1163 867 1366 908 diceren-

37 941 134 988 tur,
163 950 280 992 quae
298 939 410 994 fingi
433 939 797 980 malitiosissime
814 943 1024 993 possent:
1061 937 1170 992 quid
1185 938 1270 978 tibi
1287 950 1366 978 no-

37 1012 207 1059 cei-ent,
219 1009 260 1049 si
280 1010 463 1050 omnino
482 1011 680 1051 transire
698 1008 1211 1064 pemitteres‚necplus
1230 1020 1365 1062 quam

36 1075 262 1119 festucam
278 1078 616 1134 perpenderes?
657 1079 889 1135 Numquid
905 1080 979 1120 vel
995 1091 1133 1120 unum
1151 1079 1365 1132 capillum

36 1148 119 1188 tibi
138 1147 383 1191 extrahere
400 1149 618 1206 possent?

120 1217 159 1259 3.
194 1217 287 1260 Sed
321 1221 400 1274 qui
432 1234 513 1263 cor
535 1222 659 1262 intus
690 1234 781 1262 non
806 1219 949 1262 habet
972 1233 1056 1262 nec
1078 1220 1228 1261 Deum
1252 1232 1362 1274 prae

38 1288 207 1332 oculis.
233 1288 437 1332 faciliter
452 1292 593 1333 verbo
619 1295 832 1333 movetur
846 1291 1213 1345 vituperationis.
1275 1291 1365 1340 Qui

38 1365 191 1400 autem
208 1360 255 1401 in
271 1373 344 1402 me
364 1361 553 1402 confidit
578 1375 663 1403 nec
679 1362 866 1416 proprio
882 1361 1058 1416 judicio
1078 1367 1201 1401 stare
1228 1373 1364 1414 appe·

34 1431 112 1480 tit,
140 1431 313 1486 absque
331 1430 530 1473 humano
554 1438 734 1473 terrore
762 1434 862 1473 erit.
923 1433 1022 1486 Ego
1045 1432 1164 1473 enim
1181 1444 1280 1472 sum
1294 1431 1367 1485 ju-

35 1498 124 1540 dex
142 1505 188 1541 et
205 1503 419 1556 cognitor
436 1503 635 1543 omnium
654 1508 959 1553 secretorum3
980 1514 1066 1557 ego
1087 1502 1198 1552 scio,
1220 1501 1363 1556 quali-

33 1575 105 1612 ter
119 1583 195 1612 res
214 1577 318 1613 acta
329 1577 420 1624 est3
441 1586 527 1627 ego
546 1573 841 1627 in'juriantem
857 1573 965 1614 novi
984 1577 1029 1614 et
1045 1572 1361 1613 sustinentem.

32 1641 69 1681 A
85 1654 157 1682 me
177 1643 290 1684 exiit
309 1645 493 1685 verbum
509 1643 648 1695 istud,
670 1657 743 1685 me
762 1644 1055 1698 permittente
1073 1641 1162 1684 hoc
1179 1642 1364 1692 accidit,

33 1718 90 1753 ut
126 1714 463 1756 revelentur
504 1727 568 1756 ex
606 1714 804 1755 multis
846 1713 1115 1755 cordibus
1148 1713 1362 1767 cogita-

30 1783 112 1822 tio
125 1796 152 1822 n
165 1795 189 1824 e
201 1797 237 1824 s.
296 1785 397 1840 Ego
415 1797 545 1825 reum
565 1790 610 1825 et
625 1786 916 1825 innocentem
930 1783 1166 1837 judicabo,
1186 1783 1268 1825 sed
1287 1795 1359 1825 oc-

33 1852 155 1894 culto
170 1848 346 1907 judicio
365 1859 607 1909 utrumque
627 1860 732 1896 ante
749 1854 949 1908 probare
967 1855 1106 1897 volui.

115 1934 154 1973 4.
188 1935 523 1976 Testimonium
540 1933 773 1976 hominum
791 1929 931 1989 saepe
949 1934 1094 1985 fallit3
1125 1947 1276 1976 meum
1291 1934 1359 1987 ju-

34 2003 203 2045 dicium
224 2018 378 2045 verum
397 2011 488 2055 est,
515 2006 656 2046 stabit
682 2010 727 2046 et
749 2017 841 2045 non
858 2005 1161 2046 subvertetur.
1221 2005 1358 2045 Latet

32 2074 301 2130 plerumque
329 2081 375 2116 et
398 2076 557 2128 paucis
585 2075 645 2116 ad
668 2075 851 2129 singula
869 2079 1016 2129 patet:
1047 2086 1277 2129 nunquam
1293 2078 1360 2113 ta-

32 2157 135 2184 men
154 2151 292 2196 errat‚
312 2159 397 2186 nec
417 2158 573 2186 errare
592 2151 759 2199 potest,
781 2146 962 2186 etiamsi
982 2145 1125 2187 oculis
1143 2145 1361 2198 insipien-

122 2286 160 2316 3.
189 2284 278 2318 Luc.
293 2288 327 2325 2,
345 2288 402 2320 35.
