1530 2517
253 84 508 121 CHRISTI
565 84 674 121 LIB.
704 84 773 121 111.
812 84 933 120 CAP.
965 83 1030 119 36.
1050 82 1115 118 37.
1265 78 1347 118 147

382 341 418 388 C
431 342 477 386 A
492 341 645 386 PUT
707 338 1004 386 XXXVII.

108 455 179 497 De
204 468 322 509 pura
354 461 399 497 et
428 455 608 510 integra
639 452 942 508 resignatione
974 451 1043 493 sai
1073 452 1132 493 ad
1164 450 1272 493 obti-

353 525 539 566 nendam
567 524 713 566 cordis
745 524 1008 566 libertatem.

111 675 152 714 1.
183 655 297 726 Fifi,
319 675 528 729 relinque
545 680 591 716 te
611 680 656 716 et
671 675 876 716 invenies
892 687 980 715 me.
1041 673 1124 715 Sta
1142 673 1239 714 sine
1259 673 1350 715 ele-

31 750 184 790 ctione
218 753 263 790 et
296 749 418 789 omni
447 749 731 802 proprietate
744 778 755 798 ‚
791 752 837 788 et
866 747 1120 788 lucraberis
1153 761 1349 802 semper.

30 819 149 861 Nam
168 823 214 860 et
231 818 472 872 adjicietur
486 818 572 859 tibi
589 817 783 871 amplior
799 819 964 871 gratia,
984 818 1137 857 statim
1154 823 1205 858 ut
1219 824 1266 859 te
1281 831 1352 859 re-

29 890 285 944 signaveris
302 901 388 930 nec
401 889 690 930 resumseris.

114 962 154 1000 2.
185 960 399 1010 Domine,
412 958 591 1012 quoties
609 971 681 999 me
696 959 959 1013 resignabo,
975 962 1020 999 et
1034 959 1081 998 in
1100 959 1262 1012 quibus
1279 971 1352 999 me

28 1026 312 1084 relinquam?

111 1086 151 1127 3.
186 1085 377 1139 Semper
395 1090 441 1126 et
457 1086 580 1126 omni
596 1083 733 1126 hora:
767 1085 884 1126 sicut
900 1085 945 1124 in
964 1097 1105 1138 parvo
1118 1115 1129 1136 ,
1161 1086 1228 1127 sic
1246 1092 1290 1127 et
1305 1087 1353 1126 in

28 1168 212 1210 magno.
271 1154 399 1198 Nihil
423 1156 626 1209 excipio,
653 1154 736 1196 sed
758 1155 803 1194 in
832 1155 1040 1195 omnibus
1063 1160 1110 1195 te
1132 1155 1353 1196 nudatum

31 1226 222 1267 inveniri
237 1225 360 1266 volt).
420 1225 634 1278 Alioquin
653 1225 884 1279 quomodo
904 1226 1077 1277 poteris
1104 1238 1206 1266 esse
1223 1238 1352 1266 meus

32 1302 77 1337 et
102 1307 188 1350 ego
214 1301 342 1345 tuus,
375 1295 464 1335 nisi
488 1293 631 1334 fueris
665 1295 721 1335 ab
756 1295 878 1335 omni
902 1295 1090 1348 propria
1115 1296 1352 1337 voluntate

31 1367 151 1406 intus
178 1370 223 1406 et
246 1365 361 1406 foris
389 1363 641 1418 spoliatus&
702 1365 884 1413 Quanto
914 1364 1110 1405 celerius
1128 1363 1218 1406 hoc
1235 1367 1352 1419 agis,

31 1441 158 1476 tanto
177 1435 340 1476 melius
359 1433 548 1476 habebis
560 1466 572 1485 ,
604 1440 650 1475 et
667 1440 835 1489 quanto
853 1435 1032 1488 plenius
1052 1440 1097 1475 et
1114 1436 1351 1486 sincerius,

31 1511 157 1546 tanto
176 1504 287 1545 mihi
303 1505 405 1558 plus
422 1505 625 1558 placebis
645 1510 691 1546 et
707 1506 900 1558 amplius
918 1505 1186 1546 lucraberis.

115 1576 154 1616 4.
189 1575 386 1626 Quidam
402 1588 453 1617 se
467 1577 719 1629 resignant,
731 1576 813 1617 sed
831 1589 932 1618 cum
949 1577 1104 1630 aliqua
1122 1576 1353 1629 exceptio-

30 1660 107 1689 ne:
142 1659 233 1687 non
259 1646 378 1687 enim
395 1646 529 1700 plene
545 1647 649 1688 Deo
676 1646 930 1696 confidunt,
955 1646 1063 1687 ideo
1089 1647 1178 1687 sibi
1199 1647 1350 1700 provi·

30 1718 140 1758 dere
158 1721 386 1771 satagunt.
437 1717 633 1766 Quidam
651 1718 789 1759 etiam
805 1717 951 1770 primo
969 1721 1117 1757 totum
1135 1715 1350 1766 offerunt,

30 1788 113 1830 sed
128 1792 293 1842 postea
306 1789 562 1829 tentatione
579 1788 749 1841 pulsati
766 1787 824 1828 ad
840 1788 997 1841 priora
1011 1787 1220 1837 redeunt,
1241 1786 1348 1827 ideo

28 1860 215 1899 minime
231 1858 278 1898 in
293 1859 460 1899 virtute
476 1858 734 1911 proficiunt.
792 1859 855 1898 Hi
880 1858 938 1898 ad
954 1870 1108 1899 veram
1124 1858 1229 1911 puri
1252 1869 1350 1897 eor-

32 1930 101 1970 dis
126 1929 388 1970 libertatem
414 1932 460 1969 et
478 1927 709 1981 jucundae
736 1927 1066 1969 familiaritatis
1089 1939 1221 1968 meae
1247 1939 1349 1980 gra-

36 2000 146 2039 tiam
177 2011 270 2040 non
300 1999 584 2053 pertingent,
621 1999 712 2040 nisi
740 1999 923 2052 integra
954 1998 1268 2052 resignatione
1309 2000 1356 2035 et

38 2069 305 2124 quotidiana
322 2069 394 2110 sui
408 2069 725 2110 immolatione
734 2069 860 2123 prius
879 2068 1022 2119 facta3
1041 2069 1138 2109 sine
1157 2079 1246 2121 qua
1262 2078 1353 2105 non

38 2144 130 2180 stat
145 2151 231 2180 nee
246 2139 386 2180 stabit
400 2139 509 2180 unio
528 2138 728 2179 fruitiva.

121 2210 160 2250 5.
191 2210 302 2251 Dixi
318 2211 402 2252 tibi
427 2211 695 2264 saepissime
714 2214 759 2251 et
774 2222 892 2251 nune
907 2209 1070 2250 iterum
1091 2208 1208 2248 (lieo.
1267 2207 1353 2248 Re-

927 2280 969 2320 K
993 2280 1016 2318 2
