1530 2517
171 110 226 149 20
581 110 665 147 DE
694 112 1096 152 IMITATIONE

168 211 275 247 runt
296 206 573 247 tentationes
599 205 784 261 fugere,
821 212 867 248 et
890 208 1073 262 gravius
1099 208 1305 249 incidunt
1327 210 1374 249 in
1401 222 1493 252 eas.

168 276 259 317 Per
291 277 437 317 solam
468 275 627 331 fugam
655 290 748 318 non
778 290 1021 331 possumus
1056 279 1258 329 vincere,
1300 279 1383 320 sed
1412 292 1496 334 per

168 347 437 400 patientiam
465 351 510 387 et
534 359 688 387 veram
715 346 1019 388 humilitatem
1047 350 1254 390 omnibus
1286 348 1494 390 hostibus

168 416 388 457 efficimur
405 416 640 458 fortiores.

249 485 289 524 4.
324 486 414 535 Qui
429 486 744 528 tantummodo
760 489 960 528 exterius
972 487 1172 529 declinat
1187 501 1272 529 nec
1286 489 1492 529 radicem

166 569 214 596 ev
224 555 505 609 ellit‚parum
521 557 751 610 proficietx
777 557 915 598 immo
936 558 1068 598 citius
1081 558 1140 598 ad
1158 571 1260 599 eum
1276 560 1491 600 tentatio-

162 639 244 667 nes
277 626 459 667 redient
484 632 530 668 et
552 627 683 680 pejus
718 628 899 668 sentiet.
959 627 1187 668 Paulatim
1221 633 1267 669 et
1298 640 1381 682 per
1411 641 1490 682 pa·

160 697 369 737 tientiam
403 695 503 738 cum
533 696 907 751 longanimitate,
948 698 1050 739 Deo
1080 698 1291 751 juvante,
1324 698 1492 742 melius

151 768 416 820 superabis,
430 779 564 822 quam
576 780 676 808 cum
688 767 857 809 duritia
870 772 916 810 et
924 756 1269 822 importunitate
1285 770 1487 822 propria.

163 837 356 892 Saepius
383 839 538 892 accipe
564 839 807 880 consilium
830 840 877 880 in
900 839 1179 890 tentatione,
1207 843 1253 879 et
1277 845 1379 880 cum
1393 845 1490 880 ten-

160 912 258 948 tato
285 908 380 949 noli
407 908 582 950 duriter
607 922 768 963 agere,
803 909 885 951 sed
918 909 1282 950 consolationem
1314 910 1491 965 ingere,

163 979 280 1020 sicut
295 979 380 1020 tibi
399 984 583 1035 optares
601 981 717 1021 fieri.

246 1064 286 1103 5.
318 1063 501 1104 Initium
529 1065 730 1105 omnium
753 1065 977 1105 malarum
1001 1065 1304 1106 tentationum
1336 1066 1493 1106 incon-

164 1133 336 1174 stantia
369 1134 509 1175 animi
534 1139 580 1175 et
609 1146 752 1188 parva
785 1135 844 1175 ad
868 1136 1019 1177 Deum
1055 1135 1351 1176 confidentia:
1387 1137 1494 1190 quia

169 1212 288 1250 sicut
304 1209 431 1248 navis
449 1208 545 1248 sine
563 1207 872 1261 gubernaculo
891 1205 1116 1247 hincinde
1135 1219 1162 1246 a
1181 1206 1391 1248 fluctibus
1402 1209 1483 1248 im-

171 1279 377 1333 pellitur,
401 1279 469 1318 ita
484 1275 857 1327 homovremissus
889 1286 934 1318 et
950 1291 1078 1317 suum
1099 1278 1384 1330 propositum
1411 1277 1485 1317 de-

170 1363 335 1404 serens>
355 1349 481 1388 varie
508 1352 724 1388 tentatur.
783 1348 907 1401 Ignis
926 1348 1091 1400 probat
1112 1346 1300 1396 ferrum,
1331 1353 1376 1387 et
1392 1353 1485 1388 ten-

170 1421 285 1460 tatio
308 1419 537 1459 hominem
551 1419 736 1471 justum.
789 1417 1027 1458 Nescimus
1046 1430 1184 1470 saepe
1205 1417 1310 1471 quid
1329 1430 1486 1471 possu-

171 1503 291 1539 mus3
322 1489 403 1529 sed
432 1490 623 1529 tentatio
648 1488 801 1542 aperit
827 1487 935 1541 quid
967 1500 1134 1527 sumus.
1194 1486 1488 1541 Vigilandum

174 1567 243 1601 est
267 1566 419 1600 tamen
449 1560 692 1612 praecipue
720 1559 843 1599 cirea
862 1558 1041 1597 initium
1066 1557 1354 1606 tentationis,
1383 1558 1488 1610 quia

171 1636 279 1671 tunc
295 1629 477 1670 facilius
495 1628 640 1669 hostis
659 1629 876 1677 vincitur,
904 1628 943 1667 si
962 1628 1126 1668 ostium
1147 1626 1405 1667 nullatenus
1423 1628 1488 1666 in-

174 1707 297 1741 trare
329 1701 513 1749 sinitur,
542 1698 624 1739 sed
648 1703 777 1739 extra
799 1698 958 1747 limen,
987 1699 1141 1738 statim
1157 1702 1208 1736 ut
1224 1695 1485 1752 pulsaverit,

173 1770 243 1809 illi
263 1770 485 1810 obviatur.
543 1769 671 1809 Unde
692 1768 874 1822 quidam
893 1767 1026 1808 dixit:

286 1852 523 1906 Principiis
543 1852 690 1892 obsta.-
709 1865 803 1892 sero
826 1850 1041 1891 medicina
1054 1857 1266 1904 paratur,

345 1922 452 1963 Cam
471 1922 585 1962 mala
594 1934 679 1975 per
694 1921 849 1975 longas
868 1922 1089 1961 invaluere
1106 1934 1266 1962 moras.

179 2006 296 2047 Nam
313 2008 456 2060 primo
479 2006 677 2048 occurrit
692 2007 832 2046 menti
849 2006 1043 2059 simplex
1059 2006 1278 2060 cogitatio
1294 2035 1305 2054 ,
1326 2005 1490 2046 deinde

176 2076 312 2117 fortis
331 2076 598 2130 imaginatio
613 2107 625 2126 ,
651 2080 815 2129 postea
834 2076 1079 2118 delectatio
1101 2081 1146 2116 et
1161 2080 1310 2116 motus
1327 2087 1491 2129 pravus

179 2151 226 2186 et
251 2147 471 2187 assensio.
533 2147 697 2200 Sicque
714 2145 931 2198 paulatim
951 2145 1205 2199 ingreditur
1229 2144 1373 2187 hostis
1400 2157 1491 2185 ma-

225 2263 256 2292 5.
285 2259 387 2292 Ovid.
405 2259 543 2293 remed.
561 2270 672 2292 amor.
691 2261 744 2293 91.
765 2260 819 2291 92.
