1530 2517
153 87 235 129 '268
556 87 640 125 DE
681 89 1081 126 IMITATIONE

151 187 223 227 nis
252 185 410 226 umbra
437 185 737 238 contemplari
761 185 932 239 possis:
967 184 1111 226 dilata
1144 197 1223 227 cor
1251 190 1399 237 tuum,
1436 195 1479 227 et

154 255 278 295 omni
296 253 526 295 desiderio
545 252 664 296 hanc
687 260 889 296 sanctam
907 256 1255 309 inspirationem
1279 257 1476 309 suscipe.

145 322 309 365 Redde
337 323 641 377 amplissimas
660 338 887 379 supernae
912 327 1110 367 bonitati
1133 326 1331 380 gratias,
1359 338 1474 380 quae

151 400 301 436 tecum
318 395 385 435 sic
404 393 648 448 dignanter
665 397 775 449 agit,
804 396 1051 437 clementer
1066 397 1236 447 visitat,
1261 396 1475 437 ardenter

154 464 344 515 excitat,
376 469 591 518 potenter
616 465 846 516 sublevat,
880 479 935 507 ne
960 468 1148 521 proprio
1177 467 1382 520 pondere
1416 466 1474 506 ad

149 540 334 575 terrena
357 534 544 575 labaris.
604 534 766 589 Neque
793 537 912 576 enim
937 534 1026 577 hoc
1051 538 1257 591 cogitatu
1280 541 1360 578 tuo
1395 544 1474 577 aut

151 609 318 645 conatu
336 606 520 658 accipis,
542 606 625 647 sed
641 606 745 647 sola
763 606 1029 661 dignatione
1048 619 1274 660 supernae
1292 608 1469 662 gratiae

150 680 195 715 et
213 675 354 715 divini
367 680 627 729 respectus:
662 682 884 731 quatenus
900 678 948 717 in
964 677 1207 718 virtutibus
1235 682 1280 718 et
1303 678 1471 732 majori

150 744 405 787 humilitate
431 747 647 800 proficias
675 753 720 789 et
745 749 804 789 ad
827 747 984 789 futura
1007 748 1258 789 certamina
1272 753 1320 789 te
1341 760 1471 801 prae-

147 828 304 869 pares,
330 815 532 872 mihique
556 823 656 859 toto
679 818 830 860 cordis
851 817 1020 861 affectu
1038 817 1292 859 adhaerere
1312 830 1364 859 ac
1381 817 1469 859 fer·
1490 871 1492 873 v

146 887 270 927 venti
285 886 523 928 voluntate
541 889 728 930 studeas
748 890 995 931 deservire.

230 958 271 996 2.
301 956 413 1008 Fili,
441 970 579 1011 saepe
603 959 723 1012 ignis
750 960 900 1011 ardet,
927 960 1010 1002 sed
1027 961 1125 1002 sine
1143 959 1268 1000 fumo
1288 958 1469 1000 flamma

148 1039 240 1067 non
265 1027 485 1068 ascendit.
548 1028 625 1070 Sic
659 1035 704 1070 et
735 1030 993 1084 aliquorum
1020 1030 1251 1072 desideria
1283 1030 1341 1070 ad
1368 1042 1469 1070 coe-

147 1097 286 1138 lestia
309 1096 528 1151 flagrant,
557 1103 603 1140 et
626 1105 778 1140 tamen
804 1113 831 1141 a
855 1101 1111 1142 tentatione
1137 1100 1333 1142 carnalis
1359 1098 1470 1140 affe-

149 1172 246 1208 ctus
272 1167 406 1208 liberi
431 1181 523 1209 non
547 1174 665 1210 sunt.
723 1169 900 1212 Idcirco
927 1183 1012 1212 nec
1039 1172 1221 1212 omnino
1247 1183 1360 1224 pure
1385 1182 1468 1224 pro

149 1237 324 1280 honore
341 1239 431 1280 Dei
451 1245 612 1293 agunt,
641 1239 764 1295 quod
780 1245 874 1282 tam
892 1240 1210 1282 desideranter
1235 1241 1290 1281 ab
1319 1252 1374 1281 eo
1394 1253 1470 1293 pe-

146 1313 260 1349 tunt.
322 1310 439 1351 Tale
467 1315 536 1352 est
562 1316 607 1351 et
622 1317 749 1352 tuum
775 1324 915 1365 saepe
934 1310 1235 1362 desiderium,
1264 1310 1384 1365 quod
1405 1311 1470 1350 in·

147 1381 342 1421 sinuasti
365 1380 468 1422 fore
494 1386 588 1421 tam
611 1382 936 1435 importunum.
993 1382 1098 1423 Non
1132 1383 1249 1422 enim
1284 1388 1353 1422 est
1384 1379 1472 1421 hoc

147 1462 308 1502 purum
336 1456 381 1491 et
404 1450 683 1505 perfectum,
709 1451 830 1506 quod
847 1453 1036 1506 propria
1059 1451 1383 1492 commoditate
1404 1455 1472 1491 est

138 1518 382 1573 infectum.

229 1590 269 1631 3.
301 1591 429 1642 Pete,
450 1605 539 1632 non
559 1592 682 1647 quod
697 1594 778 1634 tibi
801 1599 871 1634 est
895 1592 1168 1634 delectabile
1200 1597 1246 1633 et
1271 1604 1470 1633 commo·

146 1660 274 1711 dum,
301 1661 383 1701 sed
402 1663 524 1715 quod
548 1662 660 1703 mihi
685 1670 755 1704 est
780 1663 1065 1717 acceptabile
1091 1667 1228 1717 atque
1253 1660 1470 1702 honorifi-

147 1743 266 1771 cum:
301 1733 408 1785 quia
433 1733 472 1772 si
494 1737 621 1774 recte
635 1733 838 1787 judicas,
865 1746 1015 1775 meam
1034 1733 1371 1774 ordinationem
1387 1720 1467 1771 tuo

145 1800 376 1841 desiderio
405 1806 451 1842 et
476 1804 600 1844 omni
617 1803 879 1845 desiderato
899 1803 1136 1857 praeferre
1156 1803 1295 1843 debes
1320 1814 1375 1843 ac
1399 1815 1468 1842 se-

145 1871 235 1924 qui.
295 1871 416 1913 Novi
441 1872 720 1914 desiderium
744 1879 872 1915 tuum
905 1879 951 1916 et
973 1874 1239 1929 frequentes
1272 1873 1468 1927 gemitus

146 1940 313 1982 audivi.
372 1942 399 1983 J
402 1954 475 1983 am
491 1943 635 1985 velles
655 1957 756 1985 esse
772 1946 820 1985 in
836 1945 1051 1985 libertate
1074 1944 1253 1999 gloriae
1270 1942 1468 1982 filiorum

146 2011 255 2061 Dei;
281 2012 378 2065 jam
401 2016 448 2053 te
467 2013 668 2054 delectat
685 2014 846 2055 domus
872 2019 1063 2056 aeterna
1088 2019 1134 2055 et
1158 2013 1372 2055 coelestis
1390 2024 1467 2065 pa-

144 2081 232 2121 tria
256 2082 428 2135 gaudio
454 2083 610 2137 plena:
644 2084 727 2125 sed
752 2083 954 2125 nondum
968 2085 1094 2125 venit
1109 2082 1226 2125 hora
1247 2084 1360 2132 ista,
1388 2081 1468 2130 sed

146 2154 215 2191 est
232 2150 381 2194 adhuc
399 2153 523 2194 aliud
541 2159 732 2207 tempus,
753 2154 930 2195 scilicet
951 2159 1129 2208 tempus
1144 2153 1271 2204 belli,
1289 2158 1469 2206 tempus

148 2219 319 2261 laboris
348 2227 393 2263 et
408 2225 709 2276 probationis.
773 2226 916 2277 Optas
943 2237 1118 2265 summo
1142 2223 1313 2277 repleri
1330 2223 1469 2272 bono,
