1530 2517
148 126 228 165 118
542 122 624 158 DE
657 121 1052 158 IMITATIONE

560 322 839 368 CAPUT
889 322 1048 367 XXI.

284 422 414 474 Quod
442 422 487 462 in
524 420 617 462 Deo
650 435 779 475 snper
813 421 960 462 omnia
994 421 1107 462 bona
1141 427 1182 461 et
1216 421 1330 460 dona

576 491 925 546 requiescendum
959 498 1035 532 est.

232 639 272 678 1.
309 620 468 690 Super
485 637 637 677 omnia
654 641 700 678 et
713 637 760 677 in
779 638 985 680 omnibus
1001 640 1263 693 requiesces
1274 667 1286 688 ,
1311 638 1462 678 anima

150 722 271 761 mea,
288 711 334 750 in
352 709 549 750 Domino
568 721 769 763 semper,
789 710 896 764 quia
911 711 1009 763 ipse
1028 709 1297 752 Sanctorum
1315 714 1460 751 aeter·

148 791 206 819 na
235 780 433 833 requies.
497 779 571 820 Da
601 777 732 830 mihi,
773 779 1033 821 dulcissime
1075 784 1121 822 et
1151 781 1460 820 amantissime

147 848 270 899 Jesu,
281 849 328 888 in
339 852 382 889 te
401 861 537 901 super
555 861 732 890 omnem
744 854 999 891 creaturam
1008 850 1314 904 requiescere,
1326 861 1462 902 super
1497 880 1501 887 2

150 930 327 958 omnem
344 918 536 959 salu-tem
555 923 601 959 et
608 918 1002 972 pulchritudinem,
1014 932 1150 974 super
1168 932 1347 960 omnem
1364 919 1462 973 glo-

148 989 264 1028 riam
282 995 327 1028 et
343 987 577 1039 honorem,
591 1001 726 1043 super
744 1000 923 1031 omnem
938 991 1190 1043 potentiam
1209 994 1254 1031 et
1269 989 1462 1043 dignita-

148 1065 264 1108 tem,
291 1071 428 1111 super
454 1070 632 1099 omnem
650 1060 886 1100 scientiam
912 1064 958 1101 et
980 1060 1301 1109 subtilitatem,
1328 1069 1465 1111 super

153 1140 308 1169 omnes
327 1128 508 1169 divitias
529 1134 574 1169 et
591 1133 727 1179 artes,
740 1142 876 1183 super
894 1142 1071 1171 omnem
1084 1130 1308 1170 laetitiam
1327 1133 1372 1169 et
1390 1140 1464 1169 ex-

150 1198 464 1248 sultationem,
494 1211 629 1251 super
647 1211 826 1239 omnem
842 1197 1012 1238 famam
1035 1203 1081 1240 et
1097 1199 1301 1249 laudem,
1328 1211 1465 1252 super

151 1280 329 1309 omnem
354 1268 623 1309 suavitatem
650 1273 694 1309 et
719 1268 1102 1320 consolationem,
1129 1281 1265 1322 super
1286 1280 1465 1309 omnem
1512 1307 1514 1309 .

151 1350 277 1391 spem
296 1343 341 1378 et
355 1339 704 1391 promissionem
716 1369 728 1390 ,
755 1350 892 1393 super
909 1351 1041 1379 omne
1057 1339 1268 1380 meritum
1286 1343 1331 1379 et
1347 1338 1464 1379 desi-

150 1408 340 1458 derium,
352 1420 489 1461 super
507 1408 659 1448 omnia
671 1408 792 1448 dona
810 1414 855 1450 et
870 1421 1072 1460 munera,
1085 1421 1200 1463 quae
1210 1413 1342 1462 potes
1354 1408 1463 1450 dare

152 1483 196 1518 et
218 1476 482 1528 infundere,
508 1490 646 1531 super
672 1490 803 1520 omne
821 1479 1037 1533 gaudium
1063 1483 1109 1520 et
1127 1478 1461 1532 jubilationem,

151 1558 282 1600 quam
300 1551 452 1600 potest
472 1559 600 1588 mens
627 1561 792 1602 capere
820 1554 865 1590 et
888 1550 1079 1599 sentire,
1107 1547 1300 1602 denique
1326 1560 1464 1601 super

150 1617 344 1670 Angelos
372 1621 417 1657 et
439 1614 750 1672 Archangelos
778 1623 824 1659 et
846 1631 982 1672 super
1008 1630 1185 1659 omnem
1212 1618 1460 1658 exercitum

147 1687 285 1736 coeli,
319 1699 456 1739 super
489 1688 640 1727 omnia
664 1688 864 1729 visibilia
896 1693 942 1729 et
966 1687 1214 1729 invisibilia
1247 1692 1292 1728 et
1322 1700 1459 1741 super

146 1769 292 1806 omne,
313 1756 433 1810 quod
449 1760 497 1796 tu
514 1757 640 1797 Deus
658 1769 784 1798 meus
802 1770 892 1798 non
912 1770 975 1798 es.

224 1827 263 1864 2.
300 1825 418 1875 Quia
433 1830 496 1876 tu,
508 1826 704 1868 Domine
714 1828 841 1868 Deus
858 1840 1000 1878 meus,
1019 1839 1155 1881 super
1173 1818 1325 1868 omnia
1342 1827 1455 1880 opti-

142 1907 240 1936 mus
266 1908 336 1946 es,
363 1900 414 1936 tu
438 1896 563 1936 solus
591 1896 859 1947 altissimus,
884 1901 935 1937 tu
952 1897 1076 1937 solus
1096 1896 1452 1950 potentissimus,

142 1971 190 2005 tu
222 1965 347 2005 solus
380 1966 788 2007 sufficientissimus
823 1971 869 2007 et
898 1966 1209 2020 plenissimus,
1246 1970 1296 2005 tu
1329 1965 1453 2006 solus

139 2033 432 2074 suavissimus
453 2038 499 2074 et
515 2032 906 2084 solatiosissimus‚
917 2039 969 2074 tu
986 2034 1111 2075 solus
1122 2032 1452 2087 pulcherrimus

143 2107 189 2143 et
204 2104 554 2153 amantissimus,
574 2107 624 2142 tu
640 2102 766 2143 solus
785 2103 1094 2144 nobilissimus
1113 2108 1158 2145 et
1173 2104 1452 2158 gloriosissi-

144 2185 240 2212 mus
267 2185 404 2224 super
430 2173 600 2213 omnia:
632 2173 679 2211 in
707 2184 795 2226 quo
822 2178 983 2214 cuncta
1000 2174 1123 2214 bona
1139 2173 1274 2214 simul
1291 2178 1337 2214 et
1351 2186 1450 2227 per-

139 2240 257 2281 fecte
283 2247 386 2281 sunt
411 2247 457 2283 et
481 2254 659 2295 semper
686 2241 871 2283 fuerunt
899 2247 944 2284 et
970 2247 1112 2284 erunt.
1173 2245 1318 2297 Atque
1342 2243 1448 2285 ideo
