1530 2517
171 122 225 162 74
534 125 657 162 *ΒΕ
687 126 1085 164 ΙΜΙΤΑΤΙΟΝΕ

609 331 695 377 CA
713 332 867 377 PUT
930 332 1062 376 XII.

461 444 531 486 De
563 444 691 499 regia
727 444 796 486 via
827 451 1006 485 sanctae
1043 446 1198 486 crucis.

252 583 293 621 1.
323 561 494 620 Durus
532 579 686 620 multis
719 579 899 619 videtur
931 576 1006 619 hic
1035 591 1184 620 sermo
1204 594 1213 619 ε
1261 581 1334 621 Ab
1346 594 1374 620 n
1387 593 1410 622 e
1422 593 1490 635 ga

170 659 340 695 temet
378 654 580 707 ipsum,
631 653 777 693 tolle
819 665 1038 695 crucem
1085 658 1255 704 tuam,
1304 659 1357 695 et
1404 668 1424 694 s
1439 667 1490 694 e-

169 738 234 778 qu
246 737 302 766 er
314 737 337 765 e
368 724 394 765 J
405 737 567 764 esum.
630 722 720 764 Sed
737 722 879 763 multo
902 722 1056 763 durius
1078 724 1177 774 erit,
1198 723 1357 764 audire
1376 724 1489 764 illud

169 799 419 835 extremum
435 794 644 834 verbum:
677 793 777 833 Dis
791 805 848 833 ce
862 792 975 833 dite
1001 805 1028 832 a
1051 805 1149 843 me,
1174 793 1316 834 male
1329 793 1488 843 dicti,

167 866 221 904 in
260 865 444 918 ignem
486 868 788 904 aeternum.
850 863 939 912 Qui
973 863 1091 903 enim
1121 863 1259 904 modo
1292 864 1500 915 libenter*

169 935 357 975 audiunt
383 939 429 974 et
452 938 701 988 sequuntur
724 933 912 973 verbum
939 933 1107 983 crucis,
1132 938 1236 974 tunc
1253 945 1344 973 non
1360 920 1500 974 time->

167 1006 279 1045 bunt
310 1005 365 1045 ab
400 1003 635 1057 auditione
670 1008 886 1044 aeternae
914 1002 1234 1044 damnationis.
1293 1003 1399 1044 Hoc
1431 1004 1489 1043 si-

168 1088 305 1129 gnum
330 1075 475 1115 crucis
502 1074 590 1114 erit
604 1075 651 1113 in
669 1073 800 1114 coelo
812 1103 824 1123 ,
853 1086 952 1114 cum
968 1073 1193 1113 Dominus
1212 1072 1270 1113 ad
1283 1073 1489 1126 judican-

170 1145 274 1185 dum
293 1145 483 1185 venerit.
532 1145 661 1184 Tunc
680 1156 836 1184 omnes
854 1144 975 1183 servi
994 1143 1152 1193 crucis,
1173 1143 1251 1196 qui
1268 1155 1317 1183 se
1337 1142 1490 1183 Cruci-

168 1217 258 1256 fixo
288 1214 689 1256 conformaverunt
711 1214 759 1253 in
782 1214 898 1264 vita,
933 1213 1152 1254 accedent
1177 1212 1235 1252 ad
1261 1210 1490 1253 Christum

164 1286 365 1339 judicem
384 1298 484 1325 cum
500 1296 666 1337 magna
683 1283 864 1324 fiducia.

242 1358 283 1396 2.
318 1355 438 1404 Quid
453 1355 594 1408 igitur
608 1355 743 1394 times
760 1354 925 1395 tollere
947 1365 1140 1403 crucem,
1153 1365 1236 1406 per
1247 1364 1381 1407 quam
1397 1353 1492 1393 itur

170 1424 228 1464 ad
243 1421 461 1478 regnum'}
519 1425 570 1464 In
596 1436 729 1464 cruce
755 1424 901 1474 salus,
926 1424 973 1464 in
999 1437 1132 1464 cruce
1149 1423 1265 1473 vita,
1290 1423 1336 1463 in
1356 1435 1489 1464 cruce

169 1495 394 1548 protectio
416 1494 471 1534 ab
490 1491 720 1543 hostibus3
738 1494 785 1533 in
803 1507 935 1534 cruce
953 1493 1123 1534 infusio
1143 1506 1368 1547 supernae
1387 1505 1489 1533 sua-

169 1565 337 1615 vitatis,
349 1565 395 1604 in
414 1576 546 1605 cruce
562 1564 704 1604 robur
719 1564 898 1614 mentis,
909 1565 953 1603 in
973 1577 1104 1604 cruce
1124 1563 1341 1616 gaudium
1359 1563 1491 1616 spiri-

169 1640 242 1674 tus
255 1648 265 1684 ;
282 1635 330 1674 in
348 1647 480 1675 cruce
496 1645 671 1674 summa
680 1634 874 1683 virtutis,
887 1634 933 1674 in
946 1646 1077 1674 cruce
1087 1632 1311 1686 perfectio
1325 1633 1490 1673 sancti-

167 1705 289 1744 tatis.
329 1703 434 1745 Non
452 1698 661 1744 est'salus
681 1703 872 1753 animae,
891 1716 976 1744 nec
993 1717 1096 1757 spes
1116 1707 1331 1744 aeternae
1348 1704 1488 1753 vitae,

169 1774 257 1813 nisi
279 1774 326 1813 in
352 1786 502 1814 cruce.
561 1773 698 1813 Tolle
725 1785 836 1826 ergo
857 1786 1036 1814 crucem
1052 1778 1199 1824 tuam,
1228 1779 1273 1814 et
1293 1786 1488 1827 sequere

169 1844 338 1892 Jesum,
360 1848 405 1883 et
419 1843 507 1883 ibis
524 1843 569 1882 in
587 1843 727 1882 vitam
745 1848 991 1884 aeternam.
1038 1844 1299 1885 Praecessit
1314 1844 1393 1884 ille
1409 1844 1489 1884 ba-

167 1914 320 1967 julans
339 1914 426 1954 sibi
445 1926 625 1954 crucem
647 1917 692 1953 et
707 1918 912 1954 mortuus
932 1919 1002 1954 est
1017 1926 1099 1967 pro
1117 1919 1163 1955 te
1188 1915 1235 1954 in
1260 1926 1415 1964 cruce,
1441 1918 1492 1954 ut

173 1989 219 2024 et
242 1989 291 2024 tu
316 1989 442 2024 tuam
465 1988 622 2037 portes
650 1996 830 2024 crucem
856 1987 901 2023 et
924 1984 1042 2024 mori
1069 1982 1258 2025 affectes
1275 1984 1321 2023 in
1341 1996 1489 2024 cruce.

174 2055 293 2103 Quia
310 2055 351 2095 si
368 2058 676 2095 commortuus
694 2052 851 2103 fueris,
866 2053 1003 2093 etiam
1023 2066 1121 2093 cum
1137 2053 1218 2094 illo
1237 2054 1412 2106 pariter
1427 2053 1490 2093 vi-

172 2137 273 2172 ves3
308 2128 353 2164 et
376 2124 417 2164 si
437 2124 589 2164 socius
607 2123 750 2164 fueris
767 2135 960 2176 poenae,
982 2123 1070 2164 eris
1091 2127 1135 2164 et
1151 2123 1343 2177 gloriae.

267 2266 299 2299 1.
325 2262 461 2297 Matth.
482 2265 541 2303 16,
561 2266 617 2296 24.
666 2262 721 2297 lb.
742 2267 803 2303 25,
822 2266 879 2298 41.
