1530 2517
139 133 191 174 92
536 134 620 170 DE
658 133 1062 170 IMITATIONE

141 231 263 285 quod
282 229 526 285 aliquando
545 230 593 270 in
611 241 847 271 excessum
864 230 1015 271 subito
1032 230 1211 284 raperis
1238 235 1283 270 et
1306 232 1459 270 statim

141 301 200 341 ad
224 300 386 342 solitas
411 300 608 353 ineptias
635 299 786 341 cordis
811 300 1074 341 reverteris.
1133 299 1241 340 Illas
1262 301 1378 341 enim
1395 302 1459 340 in-

138 371 231 411 vite
249 371 396 424 magis
413 370 600 424 pateris,
621 381 755 424 quam
773 370 892 424 agis3
928 375 972 411 et
989 370 1204 424 quamdiu
1222 369 1463 423 displicent

143 444 188 480 et
201 440 431 489 reniteris,
450 440 662 481 meritum
681 443 751 480 est
768 443 814 480 et
828 453 920 480 non
936 440 1151 493 perditio.

225 518 265 557 7.
299 516 448 568 Scito,
476 518 599 572 quod
624 518 835 571 antiquus
860 519 1069 559 inimicus
1098 518 1280 558 omnino
1305 518 1464 557 nititur

140 586 365 640 impedire
378 587 654 629 desiderium
670 592 797 628 tuum
813 588 860 627 in
875 588 997 628 bono
1018 591 1063 627 et
1081 587 1136 627 ab
1156 588 1279 628 omni
1296 587 1462 628 devoto

143 657 364 698 exercitio
386 671 609 699 evacuare
622 689 633 708 ,
660 670 686 697 a
704 657 974 699 Sanctorum
992 657 1169 698 scilicet
1186 657 1322 707 cultu,
1344 669 1371 696 a
1387 658 1465 710 pia

138 727 368 778 passionis
394 740 525 769 meae
548 729 794 778 memoria,
823 740 849 767 a
866 730 1159 781 peccatorum
1185 727 1288 767 utili
1309 739 1462 768 recor-

141 795 341 847 datione,
355 799 565 851 aproprii
583 798 734 839 cordis
754 797 963 839 custodia
982 803 1028 839 et
1044 798 1208 838 afirmo
1221 797 1461 851 proposito

138 866 410 918 proficiendi
440 869 486 908 in
518 870 700 909 virtute.
767 868 939 909 Multas
971 868 1116 908 malas
1157 868 1485 921 cogitationes¹

139 935 322 988 ingerit,
335 942 386 977 ut
399 938 604 978 taedium
620 939 705 978 tibi
721 937 865 979 faciat
883 943 929 979 et
945 936 1208 988 horrorem3
1226 942 1276 977 ut
1293 937 1349 977 ab
1363 949 1463 978 ora-

138 1005 265 1046 tione
281 1013 470 1048 revocet
488 1014 534 1048 et
549 1021 682 1048 sacra
699 1009 913 1049 lectione.
972 1007 1202 1060 Displicet
1218 1007 1305 1047 sibi
1320 1005 1464 1046 humi-

140 1074 198 1114 lis
217 1075 470 1127 confessio;
499 1083 545 1118 et
561 1079 601 1118 si
618 1083 794 1131 posset,
814 1090 841 1117 a
859 1078 1177 1118 communione
1196 1089 1379 1118 cessare
1397 1076 1464 1117 fa-

142 1150 280 1186 ceret.
312 1146 417 1188 Non
435 1147 595 1189 credas
615 1149 671 1198 ei,
687 1160 834 1202 neque
853 1159 984 1188 cures
1001 1146 1144 1196 illum,
1156 1147 1264 1188 licet
1279 1148 1463 1200 saepius

139 1215 224 1255 tibi
241 1215 525 1270 deceptionis
542 1218 793 1259 tetenderit
807 1217 1015 1271 laqueos.
1050 1216 1148 1258 Sibi
1162 1218 1350 1271 imputa,
1365 1230 1465 1258 cum

139 1284 262 1326 mala
277 1286 440 1328 inserit
457 1292 505 1329 et
518 1288 765 1328 immunda.
808 1288 963 1328 Dicito
982 1287 1068 1327 illi:
1087 1286 1218 1329 Vade
1235 1286 1464 1326 immunde

140 1354 342 1407 spiritus,
363 1358 582 1399 erubesce
599 1358 761 1408 miser3
792 1357 927 1398 valde
945 1356 1201 1397 immundus
1222 1369 1269 1397 es
1287 1361 1358 1406 tu,
1389 1356 1465 1409 qui

140 1424 255 1465 talia
275 1425 419 1468 infers
446 1428 630 1469 auribus
655 1428 784 1468 meis.
843 1427 1044 1469 Discede
1071 1440 1098 1466 a
1120 1440 1193 1467 me
1203 1456 1215 1477 ,
1249 1426 1465 1467 seductor

139 1495 361 1548 pessime,
379 1509 470 1537 non
487 1496 677 1538 habebis
694 1498 741 1537 in
757 1510 830 1539 me
846 1503 1024 1551 partem
1040 1497 1203 1546 ullam;
1232 1496 1314 1538 sed
1329 1496 1463 1538 Jesus

137 1577 315 1606 mecum
334 1567 422 1607 erit
435 1571 652 1622 tanquam
667 1567 869 1609 bellator
884 1567 1040 1618 fortis,
1067 1571 1114 1608 et
1128 1571 1177 1607 tu
1196 1566 1338 1607 stabis
1357 1578 1462 1606 con-

136 1633 283 1676 fusus.
341 1637 467 1678 Malo
494 1640 612 1679 mori
639 1642 684 1679 et
708 1651 887 1679 omnem
903 1650 1101 1691 poenam
1124 1638 1298 1687 subire,
1327 1648 1463 1690 quam

138 1705 222 1744 tibi
239 1708 512 1748 consentire.
573 1709 698 1749 Tace
718 1713 765 1748 et
781 1709 1068 1758 obmutesce,
1096 1720 1187 1747 non
1214 1706 1397 1747 audiam
1414 1712 1460 1748 te

138 1775 354 1828 amplius,
381 1776 491 1818 licet
505 1778 660 1832 plures
685 1777 795 1818 mihi
819 1778 1026 1819 moliaris
1043 1777 1297 1826 molestias.
1357 1777 1399 1818 D
1414 1789 1460 1817 o-

136 1845 315 1886 minus
345 1845 691 1889 illuminatio
723 1861 804 1889 me
818 1860 844 1887 a
878 1852 932 1889 et
961 1847 1109 1888 salus
1134 1843 1275 1898 mea,
1303 1859 1459 1901 quem

135 1915 374 1957 timebo&
435 1918 494 1960 Si
539 1919 863 1960 consistant
909 1917 1204 1959 adversum
1248 1929 1328 1957 me
1378 1929 1457 1957 ca-

137 1989 279 2037 stra,
320 1999 427 2028 non
457 1989 684 2030 timebit
715 2002 810 2030 cor
839 2000 1027 2029 meum.
1086 1988 1310 2029 Dominus
1330 1986 1456 2040 adju-

135 2059 211 2097 tor
225 2068 354 2098 meus
373 2062 419 2099 et
431 2058 667 2100 redemtor
682 2072 825 2100 meus.

217 2127 261 2168 8.
295 2128 432 2169 Certa
447 2133 664 2184 tanquam
680 2129 812 2170 miles
830 2129 999 2178 bonus3
1035 2133 1079 2169 et
1101 2129 1139 2169 si
1155 2127 1380 2168 interdum
1403 2138 1455 2166 ex

221 2269 255 2300 Ἰ.
283 2266 426 2301 Psalm.
444 2271 488 2302 26
508 2269 601 2313 (27),
622 2273 639 2303 1
659 2272 696 2303 et
713 2273 745 2303 5.

1517 383 1530 480 i*t·;‘⁸'<
