1530 2517
324 111 588 149 CHRISTI
643 112 753 150 Lm.
783 115 834 152 Π.
866 115 988 151 CAP.
1021 115 1088 151 10.
1313 113 1368 154 71

42 207 190 263 quod
219 207 262 249 D
276 208 327 249 ei
359 212 466 260 est,
510 213 555 249 et
584 209 670 250 tibi
702 209 935 260 adscribe,
970 210 1093 264 quod
1123 215 1251 251 tuum
1283 217 1367 262 est,

44 276 134 320 hoc
151 279 348 330 est,De0
367 279 542 333 gratias
559 292 642 333 pro
661 281 814 333 gratia
832 281 1092 331 tribue,tibi
1110 286 1262 322 autem
1279 283 1370 323 soli

46 349 246 403 culpam,
270 353 316 390 et
332 349 516 404 dignam
532 362 731 403 poenam
747 363 831 404 pro
852 350 987 404 culpa
1005 350 1164 392 deberi
1181 353 1369 393 sentias.

127 420 167 459 4.
199 419 348 461 Pone
381 424 434 461 te
466 433 684 475 semper
716 420 782 461 ad
813 420 1090 472 infimum,
1125 427 1171 463 et
1188 423 1372 464 dabitur

45 490 129 531 tibi
159 503 404 542 summum3
435 504 541 532 nam
574 504 797 533 summum
827 504 920 532 non
952 496 1044 532 stat
1075 493 1174 534 sine
1197 494 1370 535 infimo.

47 560 219 603 Summi
237 560 391 603 Sancti
418 562 539 615 apud
564 562 713 603 Deum
738 563 914 602 minimi
942 568 1047 603 sunt
1072 564 1193 617 apud
1218 578 1292 615 se,
1328 569 1375 605 et

47 637 216 686 quanto
250 632 579 686 gloriosiores,
612 638 741 674 tanto
768 634 815 673 in
840 646 890 674 se
916 632 1209 685 humiliores3
1249 635 1375 688 pleni

44 703 239 744 veritate
259 707 304 744 et
319 703 472 757 gloria
490 703 683 744 coelesti
700 716 791 744 non
809 708 914 743 sunt
932 716 1075 745 vanae
1093 705 1274 758 gloriae
1300 718 1376 746 cu·

45 772 163 827 pidi3
180 773 227 814 in
237 773 340 814 Deo
353 772 532 813 fundati
551 778 597 815 et
614 774 871 814 confirmati
887 774 1013 814 nullo
1032 773 1170 814 modo
1183 779 1377 826 possunt

47 855 149 884 esse
176 843 299 884 elati.
359 844 420 884 Et
445 845 520 898 qui
544 849 690 884 totum
707 843 810 884 Deo
839 843 1126 894 adscribunt,
1155 843 1376 898 quidquid

45 913 156 954 boni
203 920 500 967 acceperunt,
556 914 801 968 gloriam
857 915 920 955 ab
977 915 1220 955 invicem
1268 927 1376 955 non

47 989 349 1038 quaerunt,
398 985 495 1025 sed
534 985 799 1039 gloriam,
850 998 989 1040 quae
1032 998 1059 1024 a
1095 984 1220 1025 solo
1254 985 1373 1025 Deo

47 1059 154 1106 est,
186 1056 368 1113 volunt,
404 1061 449 1096 et
471 1056 622 1096 Deum
654 1057 701 1095 in
733 1068 783 1096 se
813 1062 859 1096 et
882 1046 937 1095 in*
957 1055 1164 1096 omnibus
1192 1055 1376 1097 Sanctis

45 1125 229 1167 laudari
259 1139 398 1181 super
421 1126 574 1167 onmia
600 1126 785 1179 cupiunt
811 1131 856 1167 et
880 1138 1062 1180 semper
1087 1126 1132 1166 in
1157 1125 1206 1166 id
1226 1125 1377 1178 ipsum

45 1196 253 1239 tendunt.

129 1268 170 1308 5.
202 1268 314 1309 Esto
340 1269 483 1323 igitur
506 1273 665 1323 gratus
690 1281 773 1323 pro
799 1268 1010 1318 minimo,
1039 1272 1085 1307 et
1102 1267 1192 1308 eris
1212 1266 1376 1320 dignus

45 1339 227 1392 majora
252 1340 478 1393 accipere.
540 1339 610 1381 Sit
631 1340 717 1380 tibi
740 1339 975 1379 minimum
1003 1339 1142 1379 etiam
1165 1350 1249 1391 pro
1282 1348 1377 1377 ma-

46 1409 195 1459 ximo,
224 1413 270 1449 et
291 1410 439 1463 magis
465 1409 778 1451 contemtibile
804 1422 888 1462 pro
914 1408 1107 1462 speciali
1128 1408 1265 1448 dono.
1328 1406 1379 1449 Si

48 1477 248 1533 dignitas
268 1480 444 1521 datoris
461 1481 715 1534 inspicitur,
727 1479 901 1520 nullum
919 1479 1074 1520 datum
1091 1491 1280 1532 parvum
1299 1481 1379 1517 aut

47 1550 181 1590 nimis
198 1550 289 1591 vile
305 1551 550 1601 videbitur,
609 1550 714 1591 Non
741 1550 861 1591 enim
877 1562 1066 1603 parvum
1084 1553 1174 1599 est,
1210 1547 1332 1602 quod
1350 1560 1378 1588 a

48 1633 223 1662 summo
255 1621 359 1662 Deo
402 1621 612 1662 donatur.
673 1621 868 1660 Etiamsi
898 1632 1073 1673 poenas
1108 1624 1153 1660 et
1182 1619 1378 1659 verbera

49 1689 250 1741 dederit,
277 1697 459 1745 gratum
485 1704 587 1732 esse
614 1690 772 1742 debet,
800 1692 908 1745 quia
925 1703 1106 1744 semper
1122 1701 1205 1742 pro
1225 1688 1375 1728 salute

45 1765 207 1801 nostra
223 1759 349 1812 facit,
370 1761 590 1816 quidquid
607 1762 740 1802 nobis
760 1761 976 1801 advenire
993 1759 1230 1814 permittit.
1286 1758 1376 1807 Qui

48 1823 245 1884 gratiam
261 1832 352 1872 Dei
367 1833 568 1873 retinere
587 1831 843 1882 desiderat,
866 1832 927 1871 sit
943 1836 1101 1885 gratus
1118 1841 1201 1883 pro
1222 1828 1376 1882 gratia

49 1901 171 1951 data,
189 1902 369 1954 patiens
386 1914 469 1956 pro
489 1901 684 1942 sublata.
734 1902 846 1943 Oret
861 1906 912 1941 ut
926 1900 1111 1951 redeat3
1138 1904 1297 1941 cautus
1316 1899 1376 1939 sit

50 1976 96 2012 et
111 1969 310 2021 humilis,
329 1985 386 2013 ne
405 1973 597 2013 amittat.

140 2114 174 2145 3.
201 2111 336 2146 matth.
355 2115 419 2153 22,
438 2116 494 2147 21.
521 2132 568 2139 --
615 2116 649 2146 4.
677 2113 768 2146 Luc.
789 2116 851 2153 14,
872 2116 929 2147 10.
979 2112 1116 2146 Joann.
1136 2115 1168 2150 5,
1186 2113 1244 2143 44.

552 2251 876 2275 dofle-*—
