1530 2517
200 153 280 190 222
594 153 677 188 DE
712 147 1115 189 IMITATIONE

200 249 420 299 sentiant,
456 254 501 289 et
524 253 574 288 ut
599 249 654 289 ab
682 249 889 289 omnibus
915 248 1047 289 malis
1075 249 1220 301 erepti
1240 249 1413 302 gratias
1431 250 1467 289 ti

197 318 464 372 magnificas
482 318 591 358 laeti
609 318 886 372 persolvant.

280 389 319 429 6.
354 386 511 429 Offero
533 389 670 429 etiam
687 389 771 428 tibi
787 399 947 441 preces
967 392 1013 428 et
1028 386 1203 429 hostias
1219 389 1495 442 placationis

194 470 277 512 pro
296 457 388 497 illis
408 458 694 510 specialiter,
714 459 791 511 qui
807 469 880 498 me
896 457 944 496 in
961 457 1113 511 aliquo
1132 457 1387 510 laeserunt,
1408 472 1490 500 con

194 528 490 568 tristaverunt
507 532 586 568 aut
602 529 986 581 vituperaverunt,
1004 527 1079 567 vel
1096 526 1282 582 aliquod
1301 528 1466 568 damnu

196 598 267 637 vel
292 609 537 651 gravamen
565 598 836 647 intulerunt3
866 608 949 650 pro
976 594 1046 636 his
1072 609 1253 650 quoque
1288 599 1494 639 omnibus

197 680 309 721 quos
337 667 581 721 aliquando
611 667 899 717 contristavi,
933 666 1213 717 conturbavi,
1246 668 1433 721 gravavi
1467 681 1490 709 e

195 737 526 786 scandalizavi,
546 737 716 786 verbis,
735 735 892 786 factis,
920 736 1117 776 scienter
1131 736 1203 776 vel
1221 737 1488 790 ignoranter

193 811 241 846 ut
259 807 389 847 nobis
409 807 615 847 omnibus
635 807 809 859 pariter
824 805 1065 860 indulgeas
1083 811 1273 859 peccata
1289 812 1448 848 nostra
1466 820 1489 848 e

192 881 372 917 mutuas
393 875 687 917 offensiones.
747 875 902 926 Aufer,
921 876 1133 927 Domine,
1155 889 1182 915 a
1199 875 1413 916 cordibus
1431 880 1488 916 no

193 946 298 986 stris
333 958 514 986 omnem
545 946 874 998 suspicionem,
906 945 1291 1000 indignationem,
1317 947 1434 985 iram
1467 959 1490 986 e

194 1016 589 1069 disceptationem,
603 1019 648 1056 et
664 1015 882 1069 quidquid
899 1020 1053 1069 potest
1070 1016 1307 1056 caritatem
1325 1015 1513 1059 laedere

197 1091 241 1125 et
257 1085 507 1126 fraternam
526 1085 818 1126 dilectionem
835 1087 1054 1126 minuere.
1113 1085 1353 1135 Miserere,
1379 1086 1492 1125 mise

193 1168 320 1205 rere,
338 1156 558 1205 Domine,
583 1155 947 1196 misericordiam
969 1160 1094 1195 tuam
1111 1155 1428 1207 poscentibus,
1455 1154 1482 1194 d

196 1226 392 1279 gratiam
408 1225 742 1279 indigentibus3
766 1229 812 1265 et
827 1224 903 1265 fac
919 1237 1002 1264 nos
1019 1224 1137 1264 tales
1157 1225 1370 1275 existere,
1388 1229 1439 1264 ut
1455 1225 1491 1264 si
1519 1256 1522 1280 ἰ

196 1306 293 1337 mus
313 1294 438 1348 digni
456 1295 607 1349 gratia
622 1299 702 1335 tua
718 1293 896 1348 perfrui
922 1299 968 1336 et
993 1294 1050 1335 ad
1066 1295 1203 1335 vitam
1222 1295 1380 1347 profici
1389 1306 1487 1334 amu
1520 1288 1530 1335 Ἰ

199 1369 444 1406 aeternam.
505 1365 660 1406 Amen.
1518 1357 1521 1364 Ι

661 1733 917 1780 CAPUT
973 1735 1049 1781 X.

201 1845 331 1897 Quod
351 1859 480 1887 sacra
509 1847 751 1888 communio
780 1848 829 1888 de
848 1847 989 1903 facili
1017 1861 1103 1888 non
1128 1852 1194 1887 est
1215 1843 1508 1898 relinquenda.

612 1984 757 2035 Vox
793 1982 1097 2034 DILECTI.
1519 1933 1523 2022 ξ

281 2123 321 2163 1.
352 2105 642 2176 Frequenter
655 2121 980 2162 recurrendum
1002 2126 1072 2162 est
1084 2121 1140 2161 ad
1151 2120 1322 2161 fontem
1336 2118 1485 2172 gratia

201 2200 246 2236 et
257 2196 435 2238 divinae
453 2196 815 2245 misericordiae,
828 2195 885 2235 ad
895 2194 1068 2235 fontem
1079 2194 1297 2235 bonitatis
1318 2198 1362 2233 et
1372 2192 1488 2233 totiu

202 2267 428 2319 puritatis,
449 2271 670 2321 quatenus
690 2277 717 2305 a
733 2265 1023 2318 passionibus
1039 2264 1130 2304 tuis
1158 2269 1203 2304 et
1226 2263 1347 2303 vitiis
1368 2274 1474 2304 cura
