1530 2517
126 137 181 178 26
378 166 381 168 a
532 134 1050 174 DE1MITAT10NE

127 232 292 273 vixerit
332 236 378 273 et
415 230 616 273 feliciter
647 234 1040 275 consummaverit.
1118 233 1167 275 Si
1199 234 1264 274 vis
1295 233 1450 287 debite

127 308 250 343 stare
270 306 316 342 et
330 302 570 355 proficere,
588 307 747 344 teneas
766 308 811 344 te
829 308 1045 358 tanquam
1064 303 1244 345 exulem
1261 310 1307 345 et
1322 316 1448 358 pere·

126 372 304 425 grinum
330 384 466 425 super
488 377 673 412 terram.
736 374 931 427 Oportet
953 379 999 414 te
1025 373 1213 414 stultum
1230 374 1332 415 fieri
1348 387 1450 428 pro-

128 446 230 495 pter
249 440 492 492 Christum,
511 442 551 482 si
567 443 633 483 vis
649 443 920 498 religiosam
937 443 1104 485 ducere
1126 444 1276 484 vitam.

212 514 251 551 2.
284 512 482 553 Habitus
517 517 563 554 et
593 517 784 554 tonsura
808 513 1038 554 modicum
1078 513 1341 565 conferunt3
1374 513 1454 555 sed

128 582 319 622 mutatio
353 595 530 623 morum
572 588 618 624 et
647 584 827 637 integra
865 584 1157 624 mortificatio
1191 585 1456 637 passionum

129 665 286 692 verum
303 651 479 693 faciunt
494 652 779 707 religiosum.
842 653 928 703 Qui
950 653 1073 694 aliud
1093 654 1292 707 quaerit,
1323 645 1456 708 quam

128 735 241 775 pure
258 723 408 764 Deum
427 727 472 763 et
490 723 669 764 animae
688 736 799 764 suae
817 724 1026 774 salutem,
1045 736 1136 763 non
1152 724 1354 765 inveniet
1369 725 1455 781 nisi

130 793 476 834 tribulationem
519 798 564 834 et
604 784 826 834 dolorem.
887 794 990 836 Non
1023 799 1177 848 potest
1210 795 1348 835 etiam
1381 794 1454 834 diu

131 868 253 903 stare
271 863 486 915 pacificus
498 894 509 915 ‚
531 864 606 918 qui
622 877 712 904 non
730 865 889 905 nititur
907 877 1008 905 esse
1025 865 1235 905 minimus
1254 869 1300 905 et
1317 865 1458 904 omni-

132 932 216 973 bus
235 933 480 986 subjectus.
1497 925 1500 926 ⁷

217 1003 256 1044 3.
288 1003 357 1044 Ad
374 1005 661 1046 serviendum
687 1007 873 1057 venisti,
900 1019 993 1047 non
1010 1005 1068 1045 ad
1090 1004 1366 1059 regendum3
1401 1005 1460 1045 ad

133 1073 398 1127 patiendum
427 1079 472 1115 et
494 1076 797 1117 laborandum
822 1077 941 1117 scias
966 1081 1012 1116 te
1029 1080 1264 1126 vocatum,
1292 1088 1383 1115 non
1401 1075 1458 1115 ad

137 1144 371 1185 otiandum
417 1146 492 1186 vel
536 1146 847 1187 fabulandum.
922 1146 1014 1187 Hic
1055 1158 1164 1199 ergo
1207 1145 1461 1199 probantur

134 1212 364 1266 homines,
385 1217 503 1257 sicut
528 1229 686 1256 aurum
702 1217 749 1257 in
767 1216 971 1257 fornace.
1031 1215 1122 1256 Hic
1146 1227 1280 1256 nemo
1307 1221 1463 1269 potest
1528 1220 1530 1224 ⁴

135 1290 273 1335 stare,
307 1286 393 1326 nisi
420 1299 475 1328 ex
501 1292 597 1327 toto
627 1287 765 1328 corde
792 1300 841 1328 se
869 1286 1066 1327 voluerit
1090 1290 1279 1339 propter
1311 1287 1459 1327 Deum

135 1352 390 1396 humiliare.

638 1534 920 1555 ⁴530——

525 1741 613 1786 CA
630 1741 787 1786 PUT
855 1741 1068 1787 XVIII.

380 1841 451 1883 De
484 1841 687 1896 exemplis
720 1847 974 1883 sanctorum
1008 1841 1209 1883 Puerum.

219 1975 259 2014 1.
289 1959 479 2016 Intuere
497 1981 757 2017 sanctorum
775 1975 961 2016 Patrum
985 1976 1137 2016 vivida
1155 1975 1385 2029 exempla,
1411 1975 1456 2015 in

136 2044 296 2098 quibus
322 2059 432 2086 vera
454 2047 679 2100 perfectio
705 2046 888 2088 refulsit
913 2052 958 2088 et
979 2047 1169 2100 religio,
1197 2052 1242 2087 et
1265 2046 1456 2095 videbis,

136 2127 272 2168 quam
288 2117 517 2158 modicum
542 2119 602 2159 sit
619 2124 665 2159 et
687 2130 834 2171 paene
851 2115 987 2167 nihil,
1015 2115 1138 2170 quod
1161 2129 1245 2157 nos
1264 2117 1456 2170 agimus.

136 2186 262 2235 Heu,
296 2187 404 2241 quid
423 2191 493 2228 est
509 2188 602 2227 vita
619 2192 799 2236 nostra,
833 2187 871 2227 si
888 2187 979 2227 illis
1004 2186 1145 2227 fuerit
1169 2184 1457 2239 comparata!

132 2255 285 2298 Sancti
310 2265 354 2298 et
373 2257 503 2299 amici
525 2256 694 2299 Christi
710 2257 909 2299 Domino
930 2257 1186 2298 servierunt
1208 2257 1254 2297 in
1271 2255 1394 2298 fame
1414 2262 1460 2297 et.
