1530 2517
303 127 569 165 CHRISTI
624 127 734 164 LIB.
765 129 795 164 Ι.
829 129 950 165 CAP.
983 128 1046 164 20.
1281 127 1333 167 33

11 236 111 264 rum
143 224 366 265 securitas
399 222 537 275 plena
568 222 747 262 timoris
778 222 869 263 Dei
902 223 1087 264 exstitit.
1148 224 1246 266 Nec
1278 238 1332 266 co

10 294 159 333 minus
185 292 372 333 solliciti
398 296 442 332 et
459 290 652 331 humiles
669 292 716 330 in
733 304 782 332 se
800 291 1005 343 fuerunt,
1033 295 1140 347 quia
1155 295 1332 349 magnis

10 363 252 404 virtutibus
280 366 326 403 et
357 362 508 415 gratia
542 361 836 402 emicuerunt.
895 362 1148 403 Pravorum
1181 369 1331 406 autem

13 432 236 474 securitas
256 444 312 473 ex
328 431 543 484 superbia
570 435 617 472 et
647 432 987 484 praesumtione
1015 434 1181 484 oritur,
1218 439 1264 475 et
1286 435 1332 474 in

11 502 100 543 fine
116 502 162 542 in
182 501 498 555 deceptionem
522 501 594 541 sui
616 501 821 542 vertitur.
882 501 1122 556 Nunquam
1147 505 1332 557 promit-

12 576 83 613 tas
104 572 185 612 tibi
203 571 497 612 securitatem
512 572 559 611 in
577 569 663 612 hac
678 571 789 622 vita,
803 572 1161 625 quamvisbonus
1183 574 1330 614 videa-

11 642 76 683 ris
94 641 340 682 coenobita
357 645 436 681 aut
453 640 644 682 devotus
664 641 867 682 eremita.

98 724 137 764 4.
173 724 321 778 Saepe
338 724 556 765 meliores
572 725 618 764 in
637 722 956 766 aestimatione
982 724 1212 766 hominum
1231 740 1331 781 gra-

13 796 111 835 vius
129 794 378 849 periclitati
401 798 504 834 sunt
529 798 716 847 propter
741 807 869 835 suam
895 796 1080 835 nimiam
1105 797 1332 837 confiden-

13 867 138 906 tiam.
197 864 325 906 Unde
342 864 495 904 multis
519 864 676 904 utilius
696 869 785 915 est,
811 871 862 905 ut
877 877 967 905 non
992 866 1335 918 penitustenta·

13 936 213 976 tionibus
247 938 455 984 careant,
489 933 571 974 sed
604 934 787 987 saepius
818 934 1154 987 impugnentur,
1187 948 1244 977 ne
1269 937 1334 976 ni-

14 1006 151 1044 mium
176 1004 327 1045 securi
351 1004 463 1052 sint,
495 1016 552 1043 ne
577 1002 700 1044 forte
725 1004 771 1043 in
797 1004 1058 1061 superbiam
1084 1005 1333 1056 eleventur,

14 1086 70 1115 ne
90 1074 227 1115 etiam
246 1073 303 1114 ad
330 1074 584 1115 exteriores
610 1073 950 1115 consolationes
968 1074 1178 1116 licentius
1197 1075 1334 1117 decli-

13 1148 134 1185 nent.
197 1143 233 1184 Ο
254 1143 331 1197 qui
354 1156 582 1198 nunquam
605 1144 920 1185 transitoriam
944 1144 1170 1185 laetitiam
1197 1158 1333 1199 quae-

12 1217 157 1263 reret,
186 1213 262 1268 qui
278 1226 508 1268 nunquam
533 1227 633 1256 cum
649 1213 817 1254 mundo
837 1226 885 1254 se
906 1220 1172 1268 occuparet,
1201 1228 1337 1269 quam

15 1284 183 1324 bonam
208 1284 534 1325 conscientiam
560 1281 793 1325 servaret'}
820 1283 856 1324 Ο
877 1285 953 1337 qui
980 1297 1158 1326 omnem
1175 1297 1339 1325 vanam

16 1353 373 1395 sollicitudinem
399 1358 678 1408 amputaret,
709 1358 755 1394 et
780 1353 1016 1394 dumtaxat
1040 1355 1261 1395 salutaria
1287 1368 1340 1396 ac

18 1425 172 1466 divina
197 1425 445 1478 cogitaret,
481 1428 527 1464 et
548 1428 695 1464 totam
721 1436 848 1476 spem
874 1436 1001 1463 suam
1026 1425 1073 1464 in
1098 1425 1198 1465 Deo
1234 1437 1339 1465 con-

17 1495 250 1545 stitueret,
292 1505 426 1548 quam
469 1505 684 1548 magnam
721 1505 881 1546 pacem
915 1498 961 1534 et
1001 1494 1198 1550 quietem
1238 1507 1341 1548 pos·

17 1562 210 1606 sideret!
1098 1558 1101 1561 ’

100 1634 140 1675 5.
171 1633 318 1675 Nemo
353 1633 516 1687 dignus
550 1637 620 1673 est
650 1633 843 1674 coelesti
883 1633 1222 1685 consolatione,
1254 1634 1342 1675 nisi

19 1703 264 1757 diligenter
280 1716 329 1744 se
349 1703 604 1744 exercuerit
618 1703 666 1742 in
683 1708 842 1743 sancta
868 1704 1230 1756 compunctione.
1293 1704 1338 1745 Si

18 1773 85 1813 vis
112 1772 250 1813 corde
276 1778 408 1813 tenus
435 1773 700 1827 compungi,
725 1774 846 1813 intra
872 1773 1020 1814 cubile
1044 1778 1171 1814 tuum
1198 1778 1244 1815 et
1268 1785 1343 1815 ex-

20 1842 152 1884 clude
184 1843 400 1883 tumultus
431 1842 613 1893 mundi,
644 1832 1009 1897 sicutscriptum
1041 1847 1129 1884 est:
1169 1844 1228 1884 In
1261 1856 1342 1884 cu-

19 1912 235 1954 bilibus
274 1912 484 1954 vestris
527 1913 986 1967 compungimini.
1045 1913 1095 1954 In
1129 1913 1245 1953 cella
1276 1914 1341 1952 in-

18 1983 201 2033 venies,
227 1982 352 2036 quod
375 1981 549 2024 deforis
576 1983 760 2036 saepius
787 1984 981 2024 amittes.
1044 1983 1173 2024 Cella
1197 1982 1339 2023 conti-

19 2057 161 2094 nuata
177 2051 418 2103 dulcescit,
447 2056 493 2093 et
507 2053 627 2093 male
653 2052 882 2093 custodita
906 2052 1107 2094 taedium
1133 2057 1337 2108 generat.

22 2121 72 2163 Si
85 2122 133 2162 in
149 2122 376 2176 principio*
392 2123 703 2165 conversionis
719 2127 826 2165 tuae
841 2124 959 2165 bene
979 2136 1078 2164 eam
1094 2122 1340 2164 incolucris

107 2263 137 2293 5.
161 2258 298 2293 l’salm.
314 2265 347 2299 4,
364 2264 395 2295 5.
