1530 2517
127 129 206 169 132
398 112 400 114 ’
527 127 608 163 DE
649 99 1044 162 IMITATRIONE

128 226 229 265 vilis
257 228 334 265 aut
357 224 613 276 pretiosae,
640 221 722 263 sed
749 222 900 262 omnia
914 221 1140 275 inspicere
1165 221 1283 262 sieut
1298 226 1442 262 trans-

131 295 298 344 euntia,
313 298 358 334 et
374 305 445 334 me
462 293 636 345 pariter
653 304 752 333 cum
768 291 860 331 illis
874 291 1189 331 transiturum:
1210 292 1316 345 quia
1331 290 1441 332 nihil

129 376 398 418 permanens
426 363 507 403 sub
534 361 657 412 sole,
692 362 769 402 ubi
795 361 947 401 onmia
970 361 1146 401 vanitas
1181 365 1227 400 et
1258 359 1442 404 afflictio

130 434 328 487 spiritus.
392 433 427 474 Ο
448 444 581 486 quam
598 431 780 483 sapiens
800 431 876 484 qui
891 431 957 470 ita
975 429 1256 471 considerat!

214 502 253 543 5.
286 503 359 543 Da
390 500 521 551 mihi,
547 501 759 551 Domine,
793 500 1041 541 coelestem
1073 499 1365 553 sapientiam,
1398 504 1448 540 ut

135 572 305 612 discam
331 578 375 612 te
402 584 538 624 super
563 571 715 611 omnia
740 582 963 624 quaerere
991 574 1036 610 et
1058 570 1284 620 invenire,
1311 583 1448 623 super

137 642 288 681 onmia
312 653 474 694 sapere
502 646 548 681 et
571 640 766 695 diligere
793 645 839 681 et
864 644 1047 681 caetera
1064 639 1310 679 secundum
1329 640 1448 680 ordi-

135 724 238 752 nem
269 711 523 765 sapientiae
554 715 684 761 tuae,
717 713 855 764 prout
884 714 1009 759 sunt,
1043 708 1318 762 intelligere.
1377 711 1451 750 Da

135 779 382 833 prudenter
407 779 638 822 declinare
661 779 972 821 blandientem
1005 784 1051 820 et
1078 780 1307 832 patienter
1329 780 1451 821 ferre

90 872 95 876 ·
136 849 474 901 adversantem,
494 851 600 904 quia
617 848 732 891 haec
748 862 915 904 magna
931 849 1172 902 sapientia,
1192 862 1285 890 non
1300 862 1452 890 move·
1499 885 1502 895 1

133 920 175 960 ri
194 920 315 960 omni
332 924 466 961 vento
484 920 749 970 verborum,
775 932 860 960 nec
885 931 1041 959 aurem
1065 918 1184 959 male
1199 918 1454 960 blandienti

134 990 357 1044 praebere
398 989 610 1040 Sirenae3
657 991 724 1031 sic
765 990 884 1030 enim
923 990 1105 1042 incepta
1144 990 1350 1043 pergitur
1378 990 1454 1028 ‘ria

134 1071 309 1101 secure.

495 1427 590 1474 CA
605 1429 647 1473 P
661 1427 704 1473 U
718 1429 763 1474 T
826 1428 1095 1472 XXVIII.

411 1540 580 1583 Contra
611 1541 785 1596 lin-guas
819 1541 1178 1582 obtrectatorum.

219 1690 259 1728 1.
289 1671 416 1739 Fili,
450 1702 541 1729 non
568 1703 707 1744 aegre
733 1689 880 1739 feras,
908 1689 948 1729 si
972 1688 1155 1742 quidam
1181 1687 1237 1728 de
1262 1685 1453 1728 te'male

139 1761 364 1802 senserint
381 1766 427 1802 et
443 1761 661 1811 dixerint,
689 1762 811 1816 quod
828 1774 919 1801 non
935 1761 1131 1802 libenter
1148 1758 1323 1800 audias.
1382 1759 1455 1798 Tu

140 1829 372 1871 deteriora
404 1830 460 1871 de
491 1835 537 1872 te
569 1832 669 1885 ipso
704 1833 873 1873 sentire
900 1831 1040 1871 debes
1072 1834 1118 1870 et
1141 1829 1366 1870 neminem
1389 1829 1453 1868 in-

140 1900 387 1941 firmiorem
416 1904 462 1941 te
497 1901 699 1943 credere.
777 1901 825 1943 Si
858 1900 1062 1941 ambulas
1095 1899 1151 1939 ab
1183 1899 1324 1949 intra,
1365 1910 1456 1938 non

143 1968 332 2009 multum
349 1970 624 2022 ponderabis
649 1971 853 2012 volantia
876 1970 1029 2011 verba.
1089 1969 1172 2009 Est
1201 1981 1290 2008 non
1315 1980 1457 2021 parva

140 2038 403 2092 prudentia,
424 2040 562 2082 silere
579 2042 626 2082 in
642 2045 848 2095 tempore
866 2039 987 2080 malo
1008 2044 1053 2080 et
1068 2039 1291 2080 introrsus
1311 2037 1368 2078 ad
1384 2050 1456 2082 me

144 2109 360 2157 converti,
379 2122 463 2151 nee
480 2108 676 2152 humano
691 2111 865 2164 judicio
886 2108 1146 2151 disturbari.

225 2179 263 2217 2.
299 2178 399 2219 Non
431 2180 491 2219 sit
513 2192 603 2233 pax
626 2185 706 2223 tua
729 2181 775 2223 in
809 2193 889 2221 ore
918 2177 1167 2219 hominum:
1209 2177 1303 2218 sive
1337 2176 1456 2217 enim

143 2247 256 2288 bene
274 2249 368 2289 sive
386 2250 503 2291 male
521 2250 810 2303 interpretati
830 2249 1018 2300 fuerint,
1042 2260 1132 2289 non
1151 2258 1198 2287 es
1215 2245 1320 2288 ideo
1340 2245 1458 2287 alter
