1530 2517
298 111 561 149 CHRISTI
616 112 826 148 LIB.1V.
859 113 979 149 CAP.
1011 113 1049 149 2.
1071 113 1108 149 3.
1279 112 1358 151 207

38 208 231 262 primum
255 208 303 250 in
326 212 505 250 uterum
521 208 719 262 virginis
745 207 1027 249 descendens
1048 206 1184 250 homo
1211 208 1361 250 factus

39 282 175 329 esset,
189 282 267 319 aut
282 278 328 318 in
347 291 479 320 cruce
497 278 700 332 pendens
718 290 801 332 pro
821 277 968 320 salute
986 275 1217 320 hominum
1235 284 1359 333 pate-

34 352 162 389 retur
179 351 224 390 et
239 352 510 390 moreretur.

480 791 752 840 CAPUT
815 794 916 838 ΙΙΙ.

261 905 392 958 Quod
421 906 526 948 utile
552 906 612 948 sit
634 920 762 963 saepe
792 908 1130 950 communicare.

422 1044 564 1097 Vox
598 1043 974 1097 DISCIPULI.

122 1195 161 1234 1.
192 1175 329 1236 Ecce
339 1225 353 1246 ,
380 1207 467 1250 ego
495 1194 554 1236 ad
570 1199 617 1237 te
633 1195 786 1246 venio,
803 1195 1023 1246 Domine,
1049 1200 1099 1236 ut
1115 1195 1232 1236 bene
1249 1191 1360 1234 mihi

37 1269 98 1310 sit
116 1280 172 1310 ex
186 1280 374 1310 munere
390 1273 488 1319 tuo,
502 1272 547 1309 et
563 1267 790 1309 laetificer
804 1267 851 1307 in
863 1266 1071 1308 convivio
1090 1269 1248 1307 sancto
1262 1269 1360 1314 tuo,

38 1338 162 1393 quod
208 1339 431 1394 parasti
483 1339 539 1380 in
592 1337 895 1379 dulcedine
949 1340 1045 1377 tua
1101 1335 1361 1389 pauperi,

32 1409 76 1450 D
89 1421 201 1450 eus.
259 1410 381 1451 Ecce
393 1439 406 1461 ‚
423 1410 470 1450 in
487 1414 533 1450 te
553 1413 623 1450 est
638 1412 808 1459 totum,
833 1406 956 1462 quod
973 1404 1240 1447 desiderare
1256 1417 1361 1458 pos-

34 1490 144 1520 sum·
161 1484 208 1521 et
232 1479 405 1530 debeo;
437 1484 483 1521 et
497 1483 548 1521 tu
564 1479 690 1521 salus
708 1491 813 1520 mea
839 1483 885 1520 et
907 1476 1158 1526 redemtio,
1185 1487 1290 1529 spes
1318 1479 1363 1516 et

34 1547 284 1600 fortitudo,
309 1549 449 1591 decus
469 1554 515 1592 et
530 1549 698 1604 gloria.
756 1547 1052 1591 Laetifica
1084 1558 1194 1601 ergo
1221 1543 1360 1586 hodie

35 1619 271 1660 animam
310 1620 463 1661 servi
501 1621 608 1671 tui,
652 1619 913 1674 quoniam
956 1617 1022 1658 ad
1054 1621 1130 1667 te,
1162 1617 1360 1658 Domine

34 1689 167 1739 Jesu,
202 1690 439 1731 animam
468 1702 643 1732 meam
675 1689 874 1731 levavi.
933 1687 1162 1730 Desidero
1180 1691 1226 1728 te
1243 1700 1361 1728 nunc

36 1758 203 1801 devote
229 1771 284 1801 ac
304 1765 574 1802 reverenter
597 1760 856 1814 suscipere3
883 1759 1016 1813 cupio
1041 1763 1086 1799 te
1111 1759 1159 1798 in
1177 1758 1361 1799 domum

35 1841 185 1870 meam
208 1830 450 1881 inducere,
477 1834 700 1885 quatenus
725 1843 824 1872 cum
841 1827 1052 1870 Zachaeo
1072 1840 1254 1870 merear
1271 1839 1297 1867 a
1313 1832 1358 1868 te

33 1899 248 1941 benedici
274 1912 328 1942 ac
352 1901 472 1942 inter
494 1901 616 1942 filios
634 1899 845 1942 Abrahae
873 1900 1142 1953 computari.
1200 1898 1360 1938 Anima

33 1981 140 2011 mea
157 1982 322 2024 corpus
338 1974 466 2014 tuum
484 1972 789 2026 concupiscit,
810 1983 890 2012 cor
906 1982 1055 2010 meum
1073 1974 1224 2010 tecum
1239 1967 1359 2007 uniri

37 2039 285 2082 desiderat.

119 2112 159 2151 2.
191 2110 345 2152 Trade
376 2115 422 2152 te
455 2109 589 2161 mihi,
631 2117 677 2153 et
707 2111 887 2153 sufficit.
947 2109 1064 2150 Nam
1096 2112 1279 2161 praeter
1309 2111 1354 2147 te

135 2251 164 2282 1.
191 2248 334 2283 Psalm.
353 2252 394 2284 67
417 2249 511 2294 (68),
531 2253 586 2284 11.
636 2249 694 2283 Π».
714 2253 756 2284 85
779 2250 873 2294 (86),
890 2252 924 2283 4.
