1530 2517
288 105 549 143 CHRISTI
606 106 714 141 LIB.
745 106 814 142 111.
848 106 972 141 CAP.
1004 107 1069 141 21.
1276 105 1357 145 119

38 203 186 244 minus
214 206 284 244 est
309 205 354 243 et
376 201 677 252 insufficiens,
706 200 924 256 quidquid
948 207 1132 255 praeter
1148 207 1195 242 te
1212 202 1359 255 ipsum

39 272 150 314 mihi
175 273 342 324 donas,
369 276 448 313 aut
473 272 528 313 de
554 277 599 313 te
617 273 717 326 ipso
743 272 923 312 revelas
950 272 1020 313 vel
1036 272 1287 325 promittis,
1315 277 1360 312 te

43 356 133 384 non
163 344 261 384 viso
295 355 379 383 nec
410 342 545 396 plene
579 341 769 395 adepto:
809 342 1023 396 quoniam
1057 341 1239 396 quidem
1271 354 1361 382 non

44 418 198 468 potest
221 425 302 454 cor
324 424 473 453 meum
490 413 718 453 veraciter
738 412 1029 465 requiescere
1055 424 1139 452 nec
1154 411 1363 452 totaliter

44 483 313 533 contentari,
325 482 412 522 nisi
423 483 523 524 inte
532 483 795 537 requiescat
813 486 858 522 et
869 482 1021 522 omnia
1032 481 1152 522 dona
1164 493 1363 522 omnem-

42 564 132 604 que
152 557 407 594 creaturam
424 552 733 593 transcendat.

128 623 167 663 3.
202 623 238 664 Ο
256 623 319 663 mi
336 622 631 676 dilectissime
649 634 831 676 sponse,
849 622 874 663 J
879 635 959 663 esu
977 619 1172 672 Christe,
1186 625 1366 661 amator

43 692 300 747 purissime,
321 691 581 733 dominator
596 693 835 733 universae
855 697 1108 743 creaturae,
1136 691 1234 745 quis
1252 689 1365 731 mihi

46 762 124 804 det
146 774 319 816 pennas
345 775 482 813 ver-ae
507 762 734 803 libertatis
762 762 819 803 ad
836 762 1083 804 volandum
1107 767 1153 803 et
1168 773 1363 816 pausan-

45 832 149 873 dum
166 833 211 873 in
229 831 302 874 te‘ss
341 832 378 873 Ο
398 832 578 886 quando
598 831 656 873 ad
672 832 856 886 plenum
874 832 1055 874 dabitur
1070 830 1182 872 mihi
1197 842 1363 871 vacare

47 908 91 943 et
121 902 301 954 videre,
343 914 477 956 quam
509 903 661 943 suavis
699 915 769 953 es,
809 902 1007 943 Domine
1038 903 1167 943 Deus
1207 898 1366 942 meus&

47 972 238 1023 Quando
259 971 317 1012 ad
332 972 515 1026 plenum
531 985 603 1013 me
619 972 892 1027 recolligam
907 974 953 1013 in
969 977 1030 1023 te,
1045 977 1097 1014 ut
1112 984 1223 1026 prae
1241 983 1365 1011 amo-

42 1056 93 1084 re
117 1047 196 1083 tuo
223 1055 314 1083 non
331 1042 522 1083 sentiam
548 1055 642 1093 me,
671 1043 752 1084 sed
776 1048 822 1084 te
848 1043 996 1084 solum
1021 1055 1159 1096 supra
1180 1054 1365 1083 'omnem

46 1126 226 1154 sensum
246 1118 292 1154 et
306 1112 561 1163 modum,in
579 1112 717 1153 modo
736 1126 827 1153 non
846 1113 1052 1153 omnibus
1067 1110 1206 1153 noto‘}
1235 1111 1366 1153 Nunc

47 1189 199 1223 autem
224 1181 490 1236 frequenter
515 1195 672 1237 gemo,
701 1187 746 1223 et
761 1182 1078 1223 infelicitatem
1100 1193 1250 1222 meam
1268 1191 1368 1222 cum

51 1253 214 1293 dolore
231 1257 386 1306 porto:
422 1254 528 1307 quia
552 1253 695 1293 multa
719 1252 842 1293 mala
857 1253 904 1292 in
920 1250 1008 1292 hac
1023 1251 1142 1292 valle
1162 1252 1369 1292 miseria-

47 1337 147 1364 rum
167 1327 431 1374 oceurrunt,
460 1335 576 1378 quae
593 1336 667 1364 me
685 1323 867 1376 saepius
887 1321 1181 1372 conturbant,
1204 1322 1370 1363 contri-

49 1398 174 1436 stant
191 1398 236 1434 et
254 1393 542 1444 obnubilant,
566 1393 747 1446 saepius
765 1392 1017 1446 impediunt
1035 1396 1081 1433 et
1097 1390 1369 1442 distrahunt,

50 1464 255 1504 alliciunt
280 1468 326 1505 et
347 1463 606 1517 implicant,
630 1476 688 1504 ne
706 1463 899 1504 liberum
917 1461 1109 1503 habeam
1136 1474 1371 1503 accessum

49 1534 106 1575 ad
123 1540 191 1584 te,
219 1538 266 1575 et
281 1547 336 1575 ne
351 1534 562 1587 jucundis
581 1533 710 1575 fruar
727 1533 1009 1587 amplexibus
1021 1564 1032 1584 ,
1050 1537 1235 1586 praesto
1256 1545 1371 1573 sem-

48 1617 131 1659 per
145 1605 293 1645 beatis
314 1605 563 1658 spiritibus.
621 1605 811 1645 Moveat
826 1611 871 1645 te
889 1603 1132 1657 suspirium
1149 1615 1299 1643 meum
1328 1607 1373 1643 et

49 1675 276 1716 desolatio
294 1675 533 1729 multiplex
548 1675 593 1715 in
610 1678 749 1715 terra.

132 1745 172 1785 4.
206 1746 244 1786 Ο
269 1745 400 1795 Jesu,
434 1744 652 1798 splendor
685 1748 900 1785 aeternae
926 1743 1128 1798 gloriae,
1164 1743 1370 1784 solamen

47 1815 382 1870 peregrinantis
402 1816 596 1865 animae,
609 1814 730 1869 apud
748 1819 792 1855 te
811 1819 881 1855 est
898 1827 949 1855 os
965 1826 1116 1855 meum
1132 1814 1229 1854 sine
1242 1826 1368 1862 voce,

50 1891 96 1926 et
120 1885 351 1926 silentium
375 1897 525 1926 meum
550 1884 754 1930 loquitur
779 1884 877 1925 tibi.
938 1885 1184 1938 Usquequo
1217 1883 1372 1924 tardat

46 1956 203 1996 venire
220 1955 444 1996 Dominus
468 1953 624 1995 meus?
676 1954 841 1996 Veniat
866 1954 923 1994 ad
947 1967 1018 1995 me
1044 1954 1370 2008 pauperculum

49 2038 199 2075 suum,
229 2030 274 2066 et
290 2025 460 2066 laetum
478 2023 646 2065 faciat}
703 2025 861 2065 Mittat
884 2037 1065 2064 manum
1081 2037 1210 2065 suam
1230 2028 1274 2064 et
1290 2023 1370 2063 mi-

49 2108 200 2136 serum
227 2095 392 2148 eripiat
415 2094 471 2135 de
499 2095 621 2135 omni
647 2095 872 2148 angustia.
933 2095 1072 2145 Veni,
1098 2095 1222 2135 veni:
1265 2093 1372 2147 quia

50 2166 148 2206 sine
167 2171 212 2206 te
230 2165 356 2205 nulla
374 2165 461 2205 erit
477 2164 602 2204 laeta
619 2163 717 2205 dies
743 2169 822 2204 aut
839 2162 976 2215 hora,
1005 2165 1111 2218 quia
1126 2173 1174 2203 tu
1193 2163 1371 2203 laetitia

50 2247 175 2284 mea,
204 2240 249 2276 et
272 2235 369 2275 sine
385 2240 431 2276 te
449 2246 594 2275 vacua
613 2239 681 2275 est
697 2246 855 2274 mensa
874 2246 989 2275 mea.
1048 2234 1192 2275 Miser
1214 2246 1312 2274 sum
1333 2239 1378 2274 et
