1530 2517
182 130 265 172 234
579 129 663 167 DE
693 122 1097 167 IMITATIONE

181 240 368 270 manere
392 238 592 276 mecum,
621 237 707 280 ego
733 224 839 266 volo
865 225 1063 266 libenter
1088 237 1188 266 esse
1213 229 1385 276 tecum3
1412 225 1500 268 hoc

184 304 255 340 est
284 302 431 338 totum
457 296 735 339 desiderium
765 307 938 345 meum,
970 298 1022 335 ut
1049 306 1130 337 cor
1153 307 1303 337 meum
1326 297 1410 337 tibi
1442 297 1503 337 sit

181 369 369 409 unitum.

612 738 760 786 CAP
777 737 875 784 UT
923 739 1079 786 XIV.

244 853 309 898 De
346 853 619 909 quorundam
651 853 905 893 devotorum
940 850 1116 892 ardenti
1145 852 1356 894 desiderio
1390 853 1449 894 ad

656 934 813 976 corpus
849 919 1030 962 Christi.

565 1059 710 1109 Vox
745 1057 1119 1110 D1sc1PUL1.

264 1211 303 1249 1.
338 1191 388 1250 O
424 1218 582 1263 quam
613 1217 812 1261 magna
843 1207 1146 1249 multitudo
1181 1208 1502 1251 dulcedinis

180 1287 335 1332 tuae,
375 1280 636 1330 Domine,
675 1290 833 1332 quam
867 1279 1226 1320 abscondisti
1257 1280 1502 1322 timenti·

178 1353 207 1393 b
220 1366 246 1392 u
258 1366 277 1392 s
323 1349 401 1392 te!
463 1348 655 1400 Quando
687 1347 912 1390 recordor
944 1348 1213 1390 devotorum
1245 1350 1501 1405 aliquorum

180 1422 240 1463 ad
258 1425 592 1463 sacramentum
607 1423 757 1469 tuum,
776 1418 998 1469 Domine,
1025 1432 1125 1460 cum
1147 1420 1347 1460 maxima
1364 1419 1500 1461 devo-

178 1493 306 1533 tione
325 1496 371 1533 et
387 1489 556 1532 affectu
575 1489 902 1539 accedentium,
920 1493 1028 1530 tunc
1045 1490 1228 1543 saepius
1245 1490 1290 1529 in
1307 1502 1380 1531 me
1396 1490 1498 1543 ipso
1515 1528 1518 1531 Α

181 1561 438 1605 confundor
456 1565 501 1602 et
519 1560 756 1610 erubeseo,
770 1558 892 1613 quod
911 1558 969 1599 ad
987 1559 1131 1600 altare
1141 1564 1267 1600 tuum
1281 1565 1327 1601 et
1338 1573 1498 1602 sacrae

180 1631 511 1674 communionis
535 1642 739 1671 mensam
763 1633 858 1669 tam
873 1629 1028 1682 tepide
1055 1633 1101 1670 et
1116 1629 1285 1683 frigide
1303 1630 1498 1681 aeced03

179 1702 304 1757 quod
334 1703 402 1743 ita
434 1700 588 1741 aridus
631 1704 676 1740 et
715 1699 812 1739 sine
847 1697 1093 1740 affectione
1127 1699 1278 1740 cordis
1309 1712 1498 1750 mane03

181 1772 305 1826 quod
328 1784 419 1812 non
444 1783 544 1812 sum
559 1770 769 1811 totaliter
787 1781 1004 1810 accensus
1024 1781 1176 1810 coram
1193 1774 1240 1810 te
1256 1770 1358 1811 Deo
1377 1782 1498 1820 meo,

178 1855 265 1883 nee
280 1843 346 1882 ita
362 1839 657 1882 vehementer
674 1843 895 1880 attractus
923 1842 970 1879 et
994 1837 1209 1890 affectus,
1235 1840 1353 1880 sicut
1370 1839 1501 1880 multi

181 1911 337 1953 devoti
353 1909 560 1960 fuerunt,
589 1910 667 1963 qui
682 1920 792 1962 prae
811 1909 949 1949 nimio
969 1908 1199 1950 desiderio
1222 1910 1500 1950 communio-

178 1982 249 2022 nis
271 1986 315 2022 et
332 1980 538 2022 sensibili
557 1979 708 2020 cordis
729 1990 885 2018 amore
912 1991 938 2018 a
954 1977 1064 2019 fletu
1081 1992 1131 2021 se
1148 1991 1239 2020 non
1254 1984 1503 2032 potuerunt

181 2051 442 2101 continere,
476 2049 559 2091 sed
585 2061 664 2089 ore
692 2047 842 2089 cordis
870 2052 916 2089 et
941 2050 1147 2102 corporis
1172 2050 1346 2103 pariter
1371 2048 1429 2089 ad
1453 2053 1500 2091 te

179 2121 330 2164 Deum
346 2119 522 2161 fontem
538 2119 688 2159 vivum
704 2117 968 2160 medullitus
986 2117 1235 2170 inhiabant,
1253 2131 1381 2160 suam
1401 2131 1500 2161 esu-

276 2263 307 2293 1.
333 2257 474 2293 Psalm.
495 2261 540 2293 30
559 2258 652 2302 (31),
671 2261 727 2292 20.
