<?xml version="1.0" encoding="UTF-8"?>
<!DOCTYPE html PUBLIC "-//W3C//DTD XHTML 1.0 Transitional//EN"
    "http://www.w3.org/TR/xhtml1/DTD/xhtml1-transitional.dtd">
<html xmlns="http://www.w3.org/1999/xhtml" xml:lang="en" lang="en">
 <head>
  <title>
</title>
<meta http-equiv="Content-Type" content="text/html;charset=utf-8" />
  <meta name='ocr-system' content='tesseract 3.04.00' />
  <meta name='ocr-capabilities' content='ocr_page ocr_carea ocr_par ocr_line ocrx_word'/>
</head>
<body>
  <div class='ocr_page' id='page_1' title='image "./thomaekempisde00thom_0040.png"; bbox 0 0 1530 2517; ppageno 0'>
   <div class='ocr_carea' id='block_1_1' title="bbox 130 140 1049 180">
    <p class='ocr_par' dir='ltr' id='par_1_1' title="bbox 130 140 1049 180">
     <span class='ocr_line' id='line_1_1' title="bbox 130 140 1049 180; baseline -0.002 0"><span class='ocrx_word' id='word_1_1' title='bbox 130 140 183 180; x_wconf 83' lang='lat'>24</span> <span class='ocrx_word' id='word_1_2' title='bbox 538 142 620 178; x_wconf 91' lang='lat' dir='ltr'>DE</span> <span class='ocrx_word' id='word_1_3' title='bbox 655 142 1049 180; x_wconf 85' lang='lat' dir='ltr'><strong>IMITATIONE</strong></span> 
     </span>
    </p>
   </div>
   <div class='ocr_carea' id='block_1_2' title="bbox 128 237 1528 363">
    <p class='ocr_par' dir='ltr' id='par_1_2' title="bbox 128 237 1529 363">
     <span class='ocr_line' id='line_1_2' title="bbox 131 237 1528 295; baseline -0.001 -17"><span class='ocrx_word' id='word_1_4' title='bbox 131 238 381 292; x_wconf 81' lang='lat' dir='ltr'>quiescunt.</span> <span class='ocrx_word' id='word_1_5' title='bbox 445 238 496 288; x_wconf 93' lang='grc' dir='ltr'>Ο,</span> <span class='ocrx_word' id='word_1_6' title='bbox 511 238 588 292; x_wconf 87' lang='lat' dir='ltr'>qui</span> <span class='ocrx_word' id='word_1_7' title='bbox 604 239 850 279; x_wconf 87' lang='lat' dir='ltr'>scintillam</span> <span class='ocrx_word' id='word_1_8' title='bbox 866 237 1061 280; x_wconf 88' lang='lat' dir='ltr'>haberet</span> <span class='ocrx_word' id='word_1_9' title='bbox 1076 249 1213 279; x_wconf 83' lang='lat' dir='ltr'>verae</span> <span class='ocrx_word' id='word_1_10' title='bbox 1233 237 1450 288; x_wconf 83' lang='lat' dir='ltr'>caritatis,</span> <span class='ocrx_word' id='word_1_11' title='bbox 1525 246 1528 295; x_wconf 53' lang='lat' dir='ltr'>j</span> 
     </span>
     <span class='ocr_line' id='line_1_3' title="bbox 128 306 1449 363; baseline 0 -16"><span class='ocrx_word' id='word_1_12' title='bbox 128 307 336 361; x_wconf 85' lang='lat' dir='ltr'>profecto</span> <span class='ocrx_word' id='word_1_13' title='bbox 366 308 519 348; x_wconf 85' lang='lat' dir='ltr'>omnia</span> <span class='ocrx_word' id='word_1_14' title='bbox 542 312 727 350; x_wconf 87' lang='lat' dir='ltr'>terrena</span> <span class='ocrx_word' id='word_1_15' title='bbox 744 309 936 352; x_wconf 87' lang='lat' dir='ltr'>sentiret</span> <span class='ocrx_word' id='word_1_16' title='bbox 950 308 1087 363; x_wconf 89' lang='lat' dir='ltr'>plena</span> <span class='ocrx_word' id='word_1_17' title='bbox 1102 306 1205 350; x_wconf 87' lang='lat' dir='ltr'>fore</span> <span class='ocrx_word' id='word_1_18' title='bbox 1222 307 1449 348; x_wconf 81' lang='lat' dir='ltr'><strong>vanitatis.</strong></span> 
     </span>
    </p>
   </div>
   <div class='ocr_carea' id='block_1_3' title="bbox 626 526 949 547">
    <p class='ocr_par' dir='ltr' id='par_1_3' title="bbox 626 526 949 547">
     <span class='ocr_line' id='line_1_4' title="bbox 626 526 949 547; baseline 0 1970"><span class='ocrx_word' id='word_1_19' title='bbox 626 526 949 547; x_wconf 95' lang='lat' dir='ltr'> </span> 
     </span>
    </p>
   </div>
   <div class='ocr_carea' id='block_1_4' title="bbox 543 746 1026 793">
    <p class='ocr_par' dir='ltr' id='par_1_4' title="bbox 543 746 1026 793">
     <span class='ocr_line' id='line_1_5' title="bbox 543 746 1026 793; baseline -0.004 0"><span class='ocrx_word' id='word_1_20' title='bbox 543 746 803 793; x_wconf 87' lang='lat' dir='ltr'><strong>CAPUT</strong></span> <span class='ocrx_word' id='word_1_21' title='bbox 869 746 1026 791; x_wconf 87' lang='lat' dir='ltr'>XVI.</span> 
     </span>
    </p>
   </div>
   <div class='ocr_carea' id='block_1_5' title="bbox 338 857 1227 918">
    <p class='ocr_par' dir='ltr' id='par_1_5' title="bbox 338 857 1227 918">
     <span class='ocr_line' id='line_1_6' title="bbox 338 857 1227 918; baseline 0 -18"><span class='ocrx_word' id='word_1_22' title='bbox 338 857 410 900; x_wconf 85' lang='lat' dir='ltr'>De</span> <span class='ocrx_word' id='word_1_23' title='bbox 442 858 706 916; x_wconf 77' lang='lat' dir='ltr'>sufferentia</span> <span class='ocrx_word' id='word_1_24' title='bbox 744 859 993 918; x_wconf 79' lang='lat' dir='ltr'><strong><em>defectuum</em></strong></span> <span class='ocrx_word' id='word_1_25' title='bbox 1024 859 1227 901; x_wconf 81' lang='lat' dir='ltr'>aliorum.</span> 
     </span>
    </p>
   </div>
   <div class='ocr_carea' id='block_1_6' title="bbox 110 986 1452 2329">
    <p class='ocr_par' dir='ltr' id='par_1_6' title="bbox 117 986 1452 1486">
     <span class='ocr_line' id='line_1_7' title="bbox 204 986 1449 1061; baseline 0.001 -15"><span class='ocrx_word' id='word_1_26' title='bbox 204 1007 244 1046; x_wconf 84' lang='lat'>1.</span> <span class='ocrx_word' id='word_1_27' title='bbox 279 986 422 1061; x_wconf 77' lang='lat' dir='ltr'>Quae</span> <span class='ocrx_word' id='word_1_28' title='bbox 454 1006 592 1050; x_wconf 90' lang='lat' dir='ltr'>homo</span> <span class='ocrx_word' id='word_1_29' title='bbox 626 1009 674 1050; x_wconf 90' lang='lat' dir='ltr'>in</span> <span class='ocrx_word' id='word_1_30' title='bbox 702 1021 752 1050; x_wconf 88' lang='lat' dir='ltr'>se</span> <span class='ocrx_word' id='word_1_31' title='bbox 783 1008 858 1050; x_wconf 86' lang='lat' dir='ltr'>vel</span> <span class='ocrx_word' id='word_1_32' title='bbox 880 1009 929 1049; x_wconf 89' lang='lat' dir='ltr'>in</span> <span class='ocrx_word' id='word_1_33' title='bbox 953 1007 1056 1049; x_wconf 85' lang='lat' dir='ltr'>aliis</span> <span class='ocrx_word' id='word_1_34' title='bbox 1090 1006 1333 1049; x_wconf 88' lang='lat' dir='ltr'>emendare</span> <span class='ocrx_word' id='word_1_35' title='bbox 1358 1019 1449 1048; x_wconf 90' lang='lat' dir='ltr'>non</span> 
     </span>
     <span class='ocr_line' id='line_1_8' title="bbox 120 1075 1451 1133; baseline 0 -16"><span class='ocrx_word' id='word_1_36' title='bbox 120 1077 266 1129; x_wconf 83' lang='lat' dir='ltr'>valet,</span> <span class='ocrx_word' id='word_1_37' title='bbox 292 1078 432 1120; x_wconf 90' lang='lat' dir='ltr'>debet</span> <span class='ocrx_word' id='word_1_38' title='bbox 450 1080 682 1133; x_wconf 81' lang='lat' dir='ltr'>patienter</span> <span class='ocrx_word' id='word_1_39' title='bbox 706 1079 957 1131; x_wconf 85' lang='lat' dir='ltr'>sustinere,</span> <span class='ocrx_word' id='word_1_40' title='bbox 992 1078 1142 1120; x_wconf 89' lang='lat' dir='ltr'>donec</span> <span class='ocrx_word' id='word_1_41' title='bbox 1163 1078 1291 1118; x_wconf 89' lang='lat' dir='ltr'>Deus</span> <span class='ocrx_word' id='word_1_42' title='bbox 1316 1075 1451 1117; x_wconf 86' lang='lat' dir='ltr'>aliter</span> 
     </span>
     <span class='ocr_line' id='line_1_9' title="bbox 122 1147 1451 1206; baseline -0.001 -18"><span class='ocrx_word' id='word_1_43' title='bbox 122 1147 317 1190; x_wconf 87' lang='lat' dir='ltr'>ordinet.</span> <span class='ocrx_word' id='word_1_44' title='bbox 380 1150 570 1205; x_wconf 81' lang='lat' dir='ltr'>Cogita,</span> <span class='ocrx_word' id='word_1_45' title='bbox 606 1151 713 1206; x_wconf 85' lang='lat' dir='ltr'>quia</span> <span class='ocrx_word' id='word_1_46' title='bbox 738 1150 805 1192; x_wconf 86' lang='lat' dir='ltr'>sic</span> <span class='ocrx_word' id='word_1_47' title='bbox 827 1148 950 1191; x_wconf 87' lang='lat' dir='ltr'>forte</span> <span class='ocrx_word' id='word_1_48' title='bbox 975 1148 1139 1191; x_wconf 87' lang='lat' dir='ltr'>melius</span> <span class='ocrx_word' id='word_1_49' title='bbox 1169 1151 1239 1189; x_wconf 81' lang='lat' dir='ltr'>est</span> <span class='ocrx_word' id='word_1_50' title='bbox 1261 1159 1344 1201; x_wconf 90' lang='lat' dir='ltr'>pro</span> <span class='ocrx_word' id='word_1_51' title='bbox 1370 1152 1451 1188; x_wconf 85' lang='lat' dir='ltr'>tua</span> 
     </span>
     <span class='ocr_line' id='line_1_10' title="bbox 117 1218 1452 1274; baseline 0 -16"><span class='ocrx_word' id='word_1_52' title='bbox 117 1219 392 1272; x_wconf 79' lang='lat' dir='ltr'>probatione</span> <span class='ocrx_word' id='word_1_53' title='bbox 420 1224 466 1262; x_wconf 83' lang='lat' dir='ltr'>et</span> <span class='ocrx_word' id='word_1_54' title='bbox 490 1220 737 1274; x_wconf 86' lang='lat' dir='ltr'>patientia,</span> <span class='ocrx_word' id='word_1_55' title='bbox 770 1220 869 1261; x_wconf 88' lang='lat' dir='ltr'>sine</span> <span class='ocrx_word' id='word_1_56' title='bbox 904 1232 994 1274; x_wconf 89' lang='lat' dir='ltr'>qua</span> <span class='ocrx_word' id='word_1_57' title='bbox 1016 1231 1109 1260; x_wconf 92' lang='lat' dir='ltr'>non</span> <span class='ocrx_word' id='word_1_58' title='bbox 1133 1223 1238 1259; x_wconf 88' lang='lat' dir='ltr'>sunt</span> <span class='ocrx_word' id='word_1_59' title='bbox 1260 1218 1452 1258; x_wconf 90' lang='lat' dir='ltr'>multum</span> 
     </span>
     <span class='ocr_line' id='line_1_11' title="bbox 118 1288 1452 1345; baseline 0 -16"><span class='ocrx_word' id='word_1_60' title='bbox 118 1289 417 1345; x_wconf 80' lang='lat' dir='ltr'>ponderanda</span> <span class='ocrx_word' id='word_1_61' title='bbox 440 1291 608 1333; x_wconf 87' lang='lat' dir='ltr'>merita</span> <span class='ocrx_word' id='word_1_62' title='bbox 631 1295 804 1331; x_wconf 84' lang='lat' dir='ltr'>nostra.</span> <span class='ocrx_word' id='word_1_63' title='bbox 863 1289 1020 1331; x_wconf 86' lang='lat' dir='ltr'>Debes</span> <span class='ocrx_word' id='word_1_64' title='bbox 1043 1292 1198 1330; x_wconf 87' lang='lat' dir='ltr'>tamen</span> <span class='ocrx_word' id='word_1_65' title='bbox 1232 1301 1315 1343; x_wconf 89' lang='lat' dir='ltr'>pro</span> <span class='ocrx_word' id='word_1_66' title='bbox 1348 1288 1452 1330; x_wconf 86' lang='lat' dir='ltr'>tali-</span> 
     </span>
     <span class='ocr_line' id='line_1_12' title="bbox 117 1358 1452 1414; baseline 0.001 -15"><span class='ocrx_word' id='word_1_67' title='bbox 117 1359 201 1400; x_wconf 85' lang='lat' dir='ltr'>bus</span> <span class='ocrx_word' id='word_1_68' title='bbox 226 1360 563 1413; x_wconf 84' lang='lat' dir='ltr'>impedimentis</span> <span class='ocrx_word' id='word_1_69' title='bbox 589 1360 871 1414; x_wconf 88' lang='lat' dir='ltr'>supplicare,</span> <span class='ocrx_word' id='word_1_70' title='bbox 903 1363 956 1401; x_wconf 85' lang='lat' dir='ltr'>ut</span> <span class='ocrx_word' id='word_1_71' title='bbox 976 1360 1105 1401; x_wconf 89' lang='lat' dir='ltr'>Deus</span> <span class='ocrx_word' id='word_1_72' title='bbox 1129 1358 1216 1400; x_wconf 87' lang='lat' dir='ltr'>tibi</span> <span class='ocrx_word' id='word_1_73' title='bbox 1240 1358 1452 1414; x_wconf 74' lang='lat' dir='ltr'>dignetur</span> 
     </span>
     <span class='ocr_line' id='line_1_13' title="bbox 118 1430 1045 1486; baseline 0.001 -17"><span class='ocrx_word' id='word_1_74' title='bbox 118 1430 375 1481; x_wconf 86' lang='lat' dir='ltr'>subvenire,</span> <span class='ocrx_word' id='word_1_75' title='bbox 395 1435 442 1472; x_wconf 90' lang='lat' dir='ltr'>et</span> <span class='ocrx_word' id='word_1_76' title='bbox 457 1431 608 1484; x_wconf 83' lang='lat' dir='ltr'>possis</span> <span class='ocrx_word' id='word_1_77' title='bbox 625 1430 823 1485; x_wconf 85' lang='lat' dir='ltr'>benigne</span> <span class='ocrx_word' id='word_1_78' title='bbox 841 1434 1045 1486; x_wconf 88' lang='lat' dir='ltr'>portare.</span> 
     </span>
    </p>

    <p class='ocr_par' dir='ltr' id='par_1_7' title="bbox 110 1500 1449 2187">
     <span class='ocr_line' id='line_1_14' title="bbox 201 1500 1447 1556; baseline 0.002 -17"><span class='ocrx_word' id='word_1_79' title='bbox 201 1502 241 1540; x_wconf 84' lang='lat'>2.</span> <span class='ocrx_word' id='word_1_80' title='bbox 276 1500 324 1542; x_wconf 89' lang='lat' dir='ltr'>Si</span> <span class='ocrx_word' id='word_1_81' title='bbox 343 1502 441 1556; x_wconf 85' lang='lat' dir='ltr'>quis</span> <span class='ocrx_word' id='word_1_82' title='bbox 460 1501 605 1542; x_wconf 86' lang='lat' dir='ltr'>semel</span> <span class='ocrx_word' id='word_1_83' title='bbox 617 1501 774 1542; x_wconf 87' lang='lat' dir='ltr'>autbis</span> <span class='ocrx_word' id='word_1_84' title='bbox 794 1500 1054 1541; x_wconf 86' lang='lat' dir='ltr'>admonitus</span> <span class='ocrx_word' id='word_1_85' title='bbox 1071 1513 1164 1542; x_wconf 92' lang='lat' dir='ltr'>non</span> <span class='ocrx_word' id='word_1_86' title='bbox 1182 1501 1447 1556; x_wconf 83' lang='lat' dir='ltr'>acquiescit,</span> 
     </span>
     <span class='ocr_line' id='line_1_15' title="bbox 115 1570 1449 1622; baseline 0.002 -13"><span class='ocrx_word' id='word_1_87' title='bbox 115 1570 212 1610; x_wconf 88' lang='lat' dir='ltr'>noli</span> <span class='ocrx_word' id='word_1_88' title='bbox 230 1585 330 1612; x_wconf 88' lang='lat' dir='ltr'>cum</span> <span class='ocrx_word' id='word_1_89' title='bbox 349 1585 403 1613; x_wconf 93' lang='lat' dir='ltr'>eo</span> <span class='ocrx_word' id='word_1_90' title='bbox 423 1572 717 1622; x_wconf 80' lang='lat' dir='ltr'>contendere,</span> <span class='ocrx_word' id='word_1_91' title='bbox 738 1571 821 1612; x_wconf 88' lang='lat' dir='ltr'>sed</span> <span class='ocrx_word' id='word_1_92' title='bbox 836 1575 985 1612; x_wconf 89' lang='lat' dir='ltr'>totum</span> <span class='ocrx_word' id='word_1_93' title='bbox 1001 1572 1104 1612; x_wconf 93' lang='lat' dir='ltr'>Deo</span> <span class='ocrx_word' id='word_1_94' title='bbox 1125 1572 1380 1622; x_wconf 85' lang='lat' dir='ltr'>committe,</span> <span class='ocrx_word' id='word_1_95' title='bbox 1398 1578 1449 1612; x_wconf 93' lang='lat' dir='ltr'>ut</span> 
     </span>
     <span class='ocr_line' id='line_1_16' title="bbox 114 1640 1445 1696; baseline 0.002 -16"><span class='ocrx_word' id='word_1_96' title='bbox 114 1640 197 1681; x_wconf 83' lang='lat' dir='ltr'>fiat</span> <span class='ocrx_word' id='word_1_97' title='bbox 227 1642 438 1682; x_wconf 87' lang='lat' dir='ltr'>voluntas</span> <span class='ocrx_word' id='word_1_98' title='bbox 473 1643 571 1696; x_wconf 88' lang='lat' dir='ltr'>ejus</span> <span class='ocrx_word' id='word_1_99' title='bbox 600 1647 645 1683; x_wconf 86' lang='lat' dir='ltr'>et</span> <span class='ocrx_word' id='word_1_100' title='bbox 669 1640 818 1683; x_wconf 88' lang='lat' dir='ltr'>honor</span> <span class='ocrx_word' id='word_1_101' title='bbox 848 1642 896 1681; x_wconf 93' lang='lat' dir='ltr'>in</span> <span class='ocrx_word' id='word_1_102' title='bbox 922 1641 1131 1683; x_wconf 87' lang='lat' dir='ltr'>omnibus</span> <span class='ocrx_word' id='word_1_103' title='bbox 1162 1643 1309 1683; x_wconf 86' lang='lat' dir='ltr'>servis</span> <span class='ocrx_word' id='word_1_104' title='bbox 1335 1642 1445 1692; x_wconf 86' lang='lat' dir='ltr'>suis,</span> 
     </span>
     <span class='ocr_line' id='line_1_17' title="bbox 116 1711 1444 1764; baseline 0.002 -14"><span class='ocrx_word' id='word_1_105' title='bbox 116 1711 194 1764; x_wconf 88' lang='lat' dir='ltr'>qui</span> <span class='ocrx_word' id='word_1_106' title='bbox 224 1712 311 1752; x_wconf 88' lang='lat' dir='ltr'>scit</span> <span class='ocrx_word' id='word_1_107' title='bbox 347 1712 465 1753; x_wconf 85' lang='lat' dir='ltr'>bene</span> <span class='ocrx_word' id='word_1_108' title='bbox 505 1713 629 1752; x_wconf 88' lang='lat' dir='ltr'>mala</span> <span class='ocrx_word' id='word_1_109' title='bbox 660 1713 706 1752; x_wconf 90' lang='lat' dir='ltr'>in</span> <span class='ocrx_word' id='word_1_110' title='bbox 744 1712 915 1753; x_wconf 90' lang='lat' dir='ltr'>bonum</span> <span class='ocrx_word' id='word_1_111' title='bbox 956 1716 1240 1753; x_wconf 85' lang='lat' dir='ltr'>convertere.</span> <span class='ocrx_word' id='word_1_112' title='bbox 1303 1711 1444 1754; x_wconf 86' lang='lat' dir='ltr'>Stude</span> 
     </span>
     <span class='ocr_line' id='line_1_18' title="bbox 113 1780 1443 1836; baseline 0.003 -17"><span class='ocrx_word' id='word_1_113' title='bbox 113 1780 293 1833; x_wconf 86' lang='lat' dir='ltr'>patiens</span> <span class='ocrx_word' id='word_1_114' title='bbox 320 1793 422 1823; x_wconf 85' lang='lat' dir='ltr'>esse</span> <span class='ocrx_word' id='word_1_115' title='bbox 445 1783 493 1822; x_wconf 89' lang='lat' dir='ltr'>in</span> <span class='ocrx_word' id='word_1_116' title='bbox 525 1781 770 1824; x_wconf 88' lang='lat' dir='ltr'>tolerando</span> <span class='ocrx_word' id='word_1_117' title='bbox 806 1782 1004 1823; x_wconf 87' lang='lat' dir='ltr'>aliorum</span> <span class='ocrx_word' id='word_1_118' title='bbox 1029 1781 1238 1823; x_wconf 86' lang='lat' dir='ltr'>defectus</span> <span class='ocrx_word' id='word_1_119' title='bbox 1264 1787 1310 1823; x_wconf 88' lang='lat' dir='ltr'>et</span> <span class='ocrx_word' id='word_1_120' title='bbox 1335 1795 1443 1836; x_wconf 87' lang='lat' dir='ltr'>qua-</span> 
     </span>
     <span class='ocr_line' id='line_1_19' title="bbox 113 1848 1442 1906; baseline 0.002 -17"><span class='ocrx_word' id='word_1_121' title='bbox 113 1848 361 1905; x_wconf 86' lang='lat' dir='ltr'>lescunque</span> <span class='ocrx_word' id='word_1_122' title='bbox 377 1852 666 1894; x_wconf 86' lang='lat' dir='ltr'>infirmitates</span> <span class='ocrx_word' id='word_1_123' title='bbox 678 1883 690 1903; x_wconf 92' lang='lat'>,</span> <span class='ocrx_word' id='word_1_124' title='bbox 717 1852 825 1906; x_wconf 86' lang='lat' dir='ltr'>quia</span> <span class='ocrx_word' id='word_1_125' title='bbox 843 1857 889 1893; x_wconf 89' lang='lat' dir='ltr'>et</span> <span class='ocrx_word' id='word_1_126' title='bbox 903 1857 955 1893; x_wconf 89' lang='lat' dir='ltr'>tu</span> <span class='ocrx_word' id='word_1_127' title='bbox 970 1852 1115 1893; x_wconf 85' lang='lat' dir='ltr'>multa</span> <span class='ocrx_word' id='word_1_128' title='bbox 1130 1849 1274 1893; x_wconf 72' lang='lat' dir='ltr'>habes</span> <span class='ocrx_word' id='word_1_129' title='bbox 1284 1882 1298 1902; x_wconf 93' lang='lat'><em>‚</em></span> <span class='ocrx_word' id='word_1_130' title='bbox 1325 1864 1442 1906; x_wconf 85' lang='lat' dir='ltr'>quae</span> 
     </span>
     <span class='ocr_line' id='line_1_20' title="bbox 115 1920 1441 1976; baseline 0.002 -16"><span class='ocrx_word' id='word_1_131' title='bbox 115 1920 170 1961; x_wconf 87' lang='lat' dir='ltr'>ab</span> <span class='ocrx_word' id='word_1_132' title='bbox 199 1920 302 1961; x_wconf 85' lang='lat' dir='ltr'>aliis</span> <span class='ocrx_word' id='word_1_133' title='bbox 330 1927 514 1975; x_wconf 80' lang='lat' dir='ltr'>oportet</span> <span class='ocrx_word' id='word_1_134' title='bbox 535 1923 743 1964; x_wconf 84' lang='lat' dir='ltr'>tolerari.</span> <span class='ocrx_word' id='word_1_135' title='bbox 804 1921 855 1965; x_wconf 89' lang='lat' dir='ltr'>Si</span> <span class='ocrx_word' id='word_1_136' title='bbox 870 1935 963 1964; x_wconf 93' lang='lat' dir='ltr'>non</span> <span class='ocrx_word' id='word_1_137' title='bbox 987 1927 1121 1976; x_wconf 89' lang='lat' dir='ltr'>potes</span> <span class='ocrx_word' id='word_1_138' title='bbox 1136 1927 1184 1964; x_wconf 89' lang='lat' dir='ltr'>te</span> <span class='ocrx_word' id='word_1_139' title='bbox 1208 1922 1350 1964; x_wconf 89' lang='lat' dir='ltr'>talem</span> <span class='ocrx_word' id='word_1_140' title='bbox 1373 1921 1441 1962; x_wconf 83' lang='lat' dir='ltr'>fa-</span> 
     </span>
     <span class='ocr_line' id='line_1_21' title="bbox 115 1992 1440 2048; baseline 0.001 -17"><span class='ocrx_word' id='word_1_141' title='bbox 115 2003 242 2041; x_wconf 85' lang='lat' dir='ltr'>cere,</span> <span class='ocrx_word' id='word_1_142' title='bbox 271 1992 452 2046; x_wconf 87' lang='lat' dir='ltr'>qualem</span> <span class='ocrx_word' id='word_1_143' title='bbox 475 1994 568 2044; x_wconf 85' lang='lat' dir='ltr'>vis,</span> <span class='ocrx_word' id='word_1_144' title='bbox 604 1993 834 2048; x_wconf 90' lang='lat' dir='ltr'>quomodo</span> <span class='ocrx_word' id='word_1_145' title='bbox 860 1994 1037 2048; x_wconf 85' lang='lat' dir='ltr'>poteris</span> <span class='ocrx_word' id='word_1_146' title='bbox 1065 1994 1206 2046; x_wconf 84' lang='lat' dir='ltr'>alium</span> <span class='ocrx_word' id='word_1_147' title='bbox 1231 1992 1291 2033; x_wconf 85' lang='lat' dir='ltr'>ad</span> <span class='ocrx_word' id='word_1_148' title='bbox 1313 1997 1440 2033; x_wconf 87' lang='lat' dir='ltr'>tuum</span> 
     </span>
     <span class='ocr_line' id='line_1_22' title="bbox 111 2058 1440 2116; baseline 0 -14"><span class='ocrx_word' id='word_1_149' title='bbox 111 2058 282 2103; x_wconf 89' lang='lat' dir='ltr'>habere</span> <span class='ocrx_word' id='word_1_150' title='bbox 306 2063 672 2116; x_wconf 55' lang='lat' dir='ltr'>beneplacitum}</span> <span class='ocrx_word' id='word_1_151' title='bbox 703 2065 926 2105; x_wconf 81' lang='lat' dir='ltr'>Libenter</span> <span class='ocrx_word' id='word_1_152' title='bbox 949 2061 1170 2105; x_wconf 90' lang='lat' dir='ltr'>habemus</span> <span class='ocrx_word' id='word_1_153' title='bbox 1196 2062 1314 2104; x_wconf 87' lang='lat' dir='ltr'>alios</span> <span class='ocrx_word' id='word_1_154' title='bbox 1339 2075 1440 2116; x_wconf 89' lang='lat' dir='ltr'>per-</span> 
     </span>
     <span class='ocr_line' id='line_1_23' title="bbox 110 2129 1402 2187; baseline 0.002 -16"><span class='ocrx_word' id='word_1_155' title='bbox 110 2129 275 2182; x_wconf 82' lang='lat' dir='ltr'>fectos,</span> <span class='ocrx_word' id='word_1_156' title='bbox 295 2137 341 2173; x_wconf 88' lang='lat' dir='ltr'>et</span> <span class='ocrx_word' id='word_1_157' title='bbox 357 2137 509 2174; x_wconf 85' lang='lat' dir='ltr'>tamen</span> <span class='ocrx_word' id='word_1_158' title='bbox 526 2134 740 2187; x_wconf 88' lang='lat' dir='ltr'>proprios</span> <span class='ocrx_word' id='word_1_159' title='bbox 756 2147 848 2175; x_wconf 92' lang='lat' dir='ltr'>non</span> <span class='ocrx_word' id='word_1_160' title='bbox 866 2133 1160 2175; x_wconf 81' lang='lat' dir='ltr'>emendamus</span> <span class='ocrx_word' id='word_1_161' title='bbox 1179 2132 1402 2174; x_wconf 84' lang='lat' dir='ltr'>defectus.</span> 
     </span>
    </p>

    <p class='ocr_par' dir='ltr' id='par_1_8' title="bbox 112 2201 1441 2329">
     <span class='ocr_line' id='line_1_24' title="bbox 194 2201 1441 2258; baseline 0.002 -17"><span class='ocrx_word' id='word_1_162' title='bbox 194 2201 233 2242; x_wconf 84' lang='lat'>3.</span> <span class='ocrx_word' id='word_1_163' title='bbox 265 2201 512 2254; x_wconf 88' lang='lat' dir='ltr'>Volumus,</span> <span class='ocrx_word' id='word_1_164' title='bbox 540 2204 663 2258; x_wconf 84' lang='lat' dir='ltr'>quod</span> <span class='ocrx_word' id='word_1_165' title='bbox 681 2204 760 2245; x_wconf 90' lang='lat' dir='ltr'>alii</span> <span class='ocrx_word' id='word_1_166' title='bbox 776 2205 933 2246; x_wconf 80' lang='lat' dir='ltr'>stricte</span> <span class='ocrx_word' id='word_1_167' title='bbox 952 2205 1263 2258; x_wconf 81' lang='lat' dir='ltr'>corrigantur,</span> <span class='ocrx_word' id='word_1_168' title='bbox 1290 2208 1337 2244; x_wconf 88' lang='lat' dir='ltr'>et</span> <span class='ocrx_word' id='word_1_169' title='bbox 1350 2202 1441 2256; x_wconf 86' lang='lat' dir='ltr'>ipsi</span> 
     </span>
     <span class='ocr_line' id='line_1_25' title="bbox 112 2272 1439 2329; baseline 0.001 -18"><span class='ocrx_word' id='word_1_170' title='bbox 112 2272 283 2327; x_wconf 83' lang='lat' dir='ltr'>corrigi</span> <span class='ocrx_word' id='word_1_171' title='bbox 307 2273 534 2315; x_wconf 80' lang='lat' dir='ltr'>nolumus.</span> <span class='ocrx_word' id='word_1_172' title='bbox 592 2275 822 2319; x_wconf 74' lang='lat' dir='ltr'>Displicet</span> <span class='ocrx_word' id='word_1_173' title='bbox 851 2274 984 2329; x_wconf 87' lang='lat' dir='ltr'>larga</span> <span class='ocrx_word' id='word_1_174' title='bbox 1009 2275 1205 2316; x_wconf 89' lang='lat' dir='ltr'>aliorum</span> <span class='ocrx_word' id='word_1_175' title='bbox 1237 2272 1439 2321; x_wconf 87' lang='lat' dir='ltr'>licentia,</span> 
     </span>
    </p>
   </div>
  </div>
 </body>
</html>
