1530 2517
176 118 256 158 242
573 117 655 154 DE
684 116 1083 155 IMITATIONE

570 378 828 425 CAPUT
893 378 1107 423 XVIII.

184 495 314 547 Quod
351 494 479 536 homo
520 507 608 535 non
646 493 704 534 sit
735 491 929 533 cariosus
960 498 1184 533 scrutator
1213 491 1493 542 sacramenti,

290 565 366 606 sed
394 564 567 605 Izmnilis
600 563 802 604 imitator
837 561 1026 612 Christi,
1067 561 1284 603 subdendo
1325 575 1494 603 sensum

290 649 414 677 saum
442 648 595 676 sacrae
614 632 742 689 fidei.

589 771 734 823 Vox
778 770 1082 822 D1LEc'r1.

264 928 303 967 1.
338 906 613 966 Cavendum
632 925 701 961 est
716 920 800 960 tibi
818 932 844 959 a
862 922 1045 961 curiosa
1065 924 1110 961 et
1125 919 1275 960 inutili
1291 930 1498 972 perscru-

180 999 354 1039 tatione
372 994 506 1049 hujus
524 991 870 1047 profundissimi
886 992 1185 1042 sacramenti,
1203 993 1244 1033 si
1259 1004 1351 1032 non
1367 992 1499 1032 visin

183 1066 480 1109 dubitatio-nis
499 1062 773 1118 profundum
791 1061 1036 1115 submergi.
1086 1062 1187 1110 Qui
1211 1075 1232 1102 s
1245 1066 1498 1102 crutator

184 1144 269 1180 est
298 1138 405 1190 maj
420 1135 646 1183 estatis,
682 1133 1030 1185 opprimetur
1065 1143 1092 1170 a
1124 1131 1328 1184 gloria.
1387 1131 1496 1172 Plus

179 1208 304 1249 valet
326 1208 453 1248 Deus
481 1204 684 1257 operari,
720 1214 854 1255 quam
878 1200 1014 1241 homo
1043 1200 1305 1254 intelligere
1330 1204 1496 1253 potest.

183 1276 461 1319 Tolerabilis
480 1275 555 1328 pia
573 1278 619 1314 et
634 1271 816 1312 humilis
834 1271 1069 1326 inquisitio
1087 1270 1314 1320 veritatis,
1337 1273 1501 1322 parata

183 1361 306 1402 semp
314 1360 363 1388 er
375 1345 532 1386 doceri
550 1348 595 1385 et
607 1356 689 1397 per
706 1354 840 1383 sanas
851 1346 1030 1395 patrum
1048 1340 1297 1381 sententias
1313 1338 1500 1379 studens

186 1419 433 1460 ambulare.

267 1490 307 1528 2.
338 1488 488 1528 Beata
503 1483 793 1538 simplicitas,
822 1494 937 1537 quae
957 1481 1165 1522 difficiles
1185 1480 1519 1535 quaestionum*

181 1558 401 1612 relinquit
424 1556 545 1605 vias,
573 1558 618 1595 et
641 1553 780 1607 plana
807 1564 860 1594 ac
876 1553 1005 1592 firma
1023 1551 1175 1605 pergit
1199 1550 1363 1590 semita
1378 1561 1501 1589 man-

185 1630 394 1670 datorum
410 1626 515 1668 Dei.
573 1624 709 1666 Multi
735 1623 1026 1664 devotionem
1049 1619 1368 1674 perdiderunt,
1399 1618 1504 1659 dum

186 1700 353 1740 altiora
384 1695 580 1739 scrutari
609 1694 867 1734 voluerunt.
925 1691 1065 1733 Fides
1098 1703 1125 1730 a
1147 1694 1194 1731 te
1228 1690 1428 1743 exigitur
1459 1692 1519 1729 et*

184 1771 363 1811 sincera
377 1769 487 1817 vita,
505 1779 597 1806 non
615 1763 808 1805 altitudo
826 1762 1085 1803 intellectus
1103 1772 1250 1814 neque
1267 1758 1503 1813 profundi-

183 1846 254 1881 tas
279 1837 606 1892 mysteriorum
629 1835 733 1876 Dei.
760 1849 763 1851 ’
796 1833 846 1875 Si
877 1845 967 1873 non
997 1830 1219 1884 intelligis
1251 1843 1336 1871 nec
1363 1829 1502 1882 capis,
1519 1862 1521 1866 ,

186 1922 301 1965 quae
318 1907 440 1950 infra
456 1911 502 1948 te
519 1910 636 1957 sunt,
656 1903 886 1960 quomodo
907 1899 1280 1954 comprehendes,
1298 1911 1413 1954 quae
1431 1911 1502 1939 su-

184 1993 268 2035 pra
290 1985 336 2021 te
361 1975 491 2020 sunt}
551 1975 757 2018 Subdere
773 1975 876 2016 Deo
906 1977 951 2014 et
974 1970 1162 2012 humilia
1179 1981 1361 2011 sensum
1377 1972 1520 2008 tuum1

185 2051 308 2100 fidei,
329 2053 374 2091 et
391 2048 572 2089 dabitur
588 2046 672 2086 tibi
689 2045 911 2087 scientiae
928 2042 1095 2092 lumen,
1113 2043 1250 2094 prout
1267 2038 1349 2079 tibi
1365 2036 1506 2079 fuerit
1516 2056 1521 2073 π.

183 2121 296 2161 utile
316 2132 369 2160 ac
386 2118 710 2158 necessarium.

281 2263 298 2293 1
339 2258 519 2292 l'roverb.
538 2259 594 2297 25,
613 2258 668 2290 27.
