1530 2517
353 125 615 164 CHRISTI
672 126 780 162 LlB.
810 127 879 163 111.
913 127 1033 163 CAP.
1067 127 1131 164 53.
1325 125 1403 166 179

85 223 230 278 magis
257 235 441 275 cavere,
469 235 604 278 quam
622 235 648 263 a
665 235 714 264 se
739 224 855 277 ipso.
917 222 965 264 Si
984 228 1123 264 temet
1140 224 1286 276 ipsum
1305 236 1405 278 per-

86 292 208 335 fecte
233 294 420 345 viceris,
461 297 616 334 cetera
640 292 822 334 facilius
850 293 1133 347 subjugabis.
1192 292 1408 334 Perfecta

87 364 282 405 victoria
301 369 384 415 est,
403 363 459 404 de
477 367 624 405 semet
639 364 740 416 ipso
758 362 1053 416 triumphare.
1096 362 1180 412 Qui
1202 364 1320 404 enim
1338 376 1407 404 se-

86 439 180 475 met
196 434 345 488 ipsum
362 434 616 488 subjectum
633 438 781 484 tenet,
806 438 858 473 ut
873 433 1148 473 sensualitas
1172 434 1343 475 rationi
1364 440 1409 475 et

84 505 204 546 ratio
223 505 270 545 in
288 505 460 546 cunctis
486 503 673 545 obediat
694 502 827 554 mihi,
854 502 926 545 hic
943 517 1051 545 vere
1070 504 1218 545 victor
1242 509 1312 545 est
1336 506 1408 546 sui

87 580 133 616 et
150 574 358 616 dominus
374 574 545 615 mundi.

168 643 209 685 3.
242 643 290 686 Si
308 644 367 685 ad
383 642 501 686 hunc
518 645 694 700 apicem
712 644 930 686 scandere
949 644 1120 699 gliscis,
1143 650 1327 699 oportet
1343 647 1406 687 vi-

81 714 232 756 riliter
260 715 464 770 incipere
499 720 545 757 et
574 716 770 757 securim
802 715 859 755 ad
890 714 1093 756 radicem
1124 727 1320 769 ponere,
1355 721 1406 756 ut

86 785 256 827 evellas
283 791 330 827 et
346 785 554 828 destruas
582 786 807 828 occultam
822 783 1130 825 inordinatam
1147 785 1405 827 inclinatio-

82 869 186 897 nem
212 856 270 897 ad
294 861 340 899 te
358 857 505 910 ipsum
533 862 579 898 et
604 856 662 897 ad
689 868 822 897 omne
845 856 1071 909 privatum
1098 860 1143 896 et
1165 857 1404 897 materiale

81 926 265 968 bonum.
308 927 379 968 Ex
394 925 482 968 hoc
502 927 626 978 vitio,
646 926 769 981 quod
787 924 923 967 homo
944 930 1089 966 semet
1105 926 1254 979 ipsum
1271 927 1404 968 nimis

82 997 342 1038 inordinate
362 997 533 1052 diligit,
560 1009 707 1051 paene
723 1001 869 1038 totum
886 996 1069 1050 pendet,
1097 996 1317 1051 quidquid
1332 1010 1404 1038 ra·

82 1067 295 1110 dicaliter
310 1066 577 1110 vincendum
598 1072 687 1108 est:
721 1079 809 1121 quo
829 1067 1007 1108 devicto
1036 1072 1082 1107 et
1100 1067 1293 1109 subacto
1310 1081 1405 1109 ma-

78 1138 124 1179 lo
157 1150 248 1193 pax
277 1150 445 1193 magna
477 1143 523 1179 et
551 1137 861 1192 tranquillitas
894 1137 981 1177 erit
1013 1137 1251 1179 continuo.
1313 1138 1406 1181 Sed

83 1209 191 1263 quia
227 1210 363 1263 pauci
394 1209 483 1249 sibi
512 1208 624 1262 ipsis
655 1206 863 1262 perfecte
897 1207 1013 1247 mori
1043 1206 1277 1260 laborant,
1320 1221 1405 1250 nec

80 1279 215 1333 plene
243 1283 373 1320 extra
394 1291 444 1320 se
461 1278 674 1329 tendunt,
700 1272 949 1332 propterea
963 1278 1011 1319 in
1028 1290 1078 1319 se
1094 1278 1316 1336 implicati
1332 1292 1404 1320 re«

83 1352 268 1389 manent
292 1361 378 1390 nec
393 1361 532 1402 supra
548 1361 597 1390 se
615 1349 663 1389 in
680 1348 842 1402 spiritu
860 1346 1032 1389 elevari
1046 1355 1252 1402 possunt.
1314 1350 1402 1400 Qui

82 1425 235 1461 autem
266 1418 411 1461 libere
442 1432 620 1460 mecum
653 1418 887 1461 ambulare
921 1417 1176 1470 desiderat,
1211 1433 1402 1462 necesse

82 1495 176 1541 est,
202 1494 253 1530 ut
277 1501 432 1531 omnes
450 1502 614 1544 pravas
643 1495 688 1530 et
703 1488 988 1529 inordinatas
1007 1487 1277 1532 affectiones
1295 1503 1401 1532 suas

80 1559 351 1610 mortificet,
379 1564 515 1615 atque
534 1559 648 1600 nulli
666 1565 905 1601 creaturae
922 1559 1099 1613 privato
1121 1572 1277 1602 amore
1296 1574 1399 1603 con-

83 1631 369 1685 cupiscentes:
383 1629 636 1673 inhaereat.

586 1847 912 1870 dom-’—

973 2335 1063 2376 M2
