1530 2517
139 135 193 177 86
332 174 337 182 ,,
538 133 620 172 DE
658 133 1060 172 1M1TAT10NE

589 381 848 428 CAPUT
909 382 1009 427 IV.

249 496 380 548 Quod
414 497 460 537 in
491 495 679 538 veritate
711 502 754 537 et
785 494 1032 537 humilitate
1064 509 1215 538 coram
1247 494 1344 536 Deo

562 566 906 607 conversandum
938 571 1013 608 est.

216 716 256 754 1.
287 695 397 765 Fili,
415 714 598 756 ambula
616 725 771 756 coram
788 725 861 754 me
878 714 925 753 in
941 714 1150 764 veritate,
1164 712 1269 754 etin
1287 709 1455 764 simpli-

135 788 274 829 citate
300 786 453 829 cordis
484 787 553 827 tui
579 799 749 842 quaere
780 798 853 826 me
886 798 1079 840 semper.
1141 784 1231 835 Qui
1255 784 1458 825 ambulat

137 870 292 899 eoram
308 870 380 899 me
396 857 444 898 in
461 857 656 899 veritate
667 887 679 908 ,
702 856 928 897 tutabitur
954 856 1010 897 ab
1034 855 1291 896 incursibus
1308 853 1457 902 malis,

137 934 183 969 et
198 928 368 969 veritas
385 927 603 969 liberabit
628 939 731 968 eum
754 938 782 966 a
805 925 1124 967 seductoribus
1150 930 1195 966 et
1212 925 1458 966 detractio-

135 999 267 1039 nibus
284 998 559 1053 iniquorum.
603 995 653 1038 Si
667 995 838 1037 veritas
854 1001 901 1038 te
919 996 1199 1046 liberaverit,
1218 1007 1326 1036 vere
1343 994 1461 1035 liber

139 1070 244 1119 eris,
266 1073 311 1110 et
326 1081 418 1109 non
437 1067 618 1110 curabis
637 1066 694 1109 de
710 1065 839 1108 vanis
858 1064 1090 1107 hominum
1105 1065 1272 1106 verbis.

220 1139 260 1177 2.
291 1138 513 1189 Domine,
539 1149 699 1179 verum
726 1140 817 1188 est,
844 1137 962 1178 sicut
987 1135 1123 1185 dicis;
1155 1135 1245 1185 ita,
1273 1145 1461 1188 quaeso,

136 1221 314 1249 mecum
329 1208 422 1248 fiat.
481 1207 666 1250 Veritas
684 1211 764 1247 tua
779 1219 852 1247 me
871 1205 1060 1256 doceat,
1085 1206 1188 1259 ipsa
1211 1217 1284 1246 me
1312 1207 1461 1246 custo-

139 1278 236 1318 diat
253 1282 300 1319 et
313 1290 459 1332 usque
479 1276 538 1318 ad
554 1277 806 1318 salutarem
822 1276 958 1317 finem
976 1278 1230 1317 conservet.
1269 1275 1375 1328 Ipsa
1390 1285 1462 1315 me

137 1348 305 1389 liberet
337 1348 393 1388 ab
421 1348 545 1388 omni
573 1346 822 1389 affectione
846 1346 970 1387 mala
996 1350 1041 1387 et
1063 1344 1328 1386 inordinata
1351 1343 1462 1385 dile-

139 1418 313 1468 ctione3
333 1422 379 1459 et
396 1417 639 1458 ambulabo
657 1421 810 1458 tecum
825 1416 872 1456 in
889 1427 1057 1471 magna
1069 1414 1220 1457 cordis
1231 1414 1460 1455 libertate.

222 1488 262 1528 3.
294 1488 394 1542 Ego
413 1492 460 1529 te
479 1487 656 1528 docebo
670 1517 682 1537 ‚
711 1487 776 1527 ait
788 1485 998 1537 Veritas,
1018 1497 1135 1540 quae
1151 1488 1280 1526 recta
1296 1489 1400 1525 sunt
1417 1489 1464 1525 et

136 1558 308 1611 placita
333 1570 488 1598 eoram
512 1570 600 1597 me.
663 1557 830 1610 Cogita
854 1559 1046 1610 peccata
1068 1559 1149 1595 tua
1180 1568 1282 1596 cum
1306 1554 1461 1609 displi-

140 1629 291 1668 centia
306 1639 474 1681 magna
493 1631 539 1667 et
553 1638 764 1668 maerore
775 1656 788 1677 ,
808 1631 855 1668 et
869 1638 1098 1680 nunquam
1113 1630 1299 1679 reputes
1317 1629 1362 1667 te
1381 1625 1462 1666 ali.-

135 1697 245 1752 quid
269 1709 371 1738 esse
388 1700 579 1751 propter
597 1708 739 1750 opera
754 1697 891 1737 bona.
952 1696 1019 1737 Re
1044 1708 1154 1736 vera
1170 1700 1388 1749 peccator
1412 1708 1460 1737 es

134 1773 182 1807 et
196 1766 351 1808 multis
367 1768 660 1820 passionibus
685 1767 910 1808 obnoxius
936 1771 981 1808 et
995 1766 1270 1820 implicatus.
1328 1766 1399 1806 Ex
1415 1769 1459 1806 te

133 1849 316 1890 semper
346 1835 407 1877 'ad
436 1835 552 1877 nihil
581 1835 755 1889 tendis;
789 1838 878 1877 cito
904 1836 1098 1887 laberis,
1131 1836 1222 1877 cito
1246 1832 1458 1884 vinceris,

135 1908 224 1947 cito
243 1907 459 1958 turbaris,
479 1907 569 1949 cito
589 1905 870 1948 dissolveris.
930 1905 1035 1947 Non
1053 1904 1194 1947 habes
1214 1904 1458 1960 quidquam
1513 1907 1516 1911 '

131 1976 253 2017 unde
270 1977 421 2030 possis
446 1976 661 2032 gloriari,
688 1976 771 2018 sed
795 1976 940 2017 multa
964 1975 1084 2017 unde
1109 1981 1154 2016 te
1174 1973 1342 2015 debeas
1360 1973 1457 2013 vili-

132 2046 297 2097 ficare,
331 2047 439 2100 quia
467 2045 612 2087 multo
645 2047 870 2088 infirmior
903 2060 971 2097 es,
1012 2058 1146 2101 quam
1179 2044 1305 2085 vales
1339 2055 1459 2085 com-

132 2113 432 2169 prehendere.

217 2185 257 2225 4.
290 2177 368 2227 Nil
400 2197 512 2241 ergo
545 2198 761 2241 magnum
792 2187 876 2228 tibi
907 2186 1122 2227 videatur-
1150 2197 1205 2226 ex
1236 2184 1459 2233 omnibus,

137 2267 254 2309 quae
281 2256 403 2310 agis3
434 2256 501 2297 nil
518 2256 716 2311 grande,
744 2256 808 2297 nil
824 2257 1077 2310 pretiosum
1104 2260 1150 2297 et
1176 2253 1459 2304 admirabile,
