1530 2517
342 134 605 172 CHRISTI
659 133 769 170 [ΛΒ.
798 134 830 171 Ι.
862 133 981 170 CAP.
1013 135 1052 170 2.
1072 134 1109 170 3.
1336 133 1361 171 7

50 231 183 274 cultis
210 234 256 272 et
279 230 485 271 obscuris
507 230 668 280 rebus,
696 229 753 270 de
772 230 932 284 quibus
957 241 1041 271 nec
1057 241 1300 284 arguemur
1315 229 1362 269 in

44 301 236 356 judicio,
256 301 362 355 quia
377 298 713 354 ignoravimus?
733 300 928 341 Grandis
944 299 1221 353 insipientia,
1241 298 1363 354 quod

48 370 270 425 neglectis
294 369 481 410 utilibus
501 374 545 411 et
561 370 830 411 necessariis
854 370 974 410 ultro
999 369 1271 411 intendimus
1290 382 1363 410 cu-

48 440 185 482 riosis
205 444 250 480 et
266 439 511 480 damnosis.
574 439 744 481 Oculos
761 438 981 481 habentes
998 452 1087 481 non
1105 439 1324 480 videmus.

131 511 172 551 2.
203 510 263 551 Et
279 509 386 565 quid
404 522 539 550 curae
556 510 688 551 nobis
706 509 762 550 de
773 510 1017 564 generibus
1036 516 1082 551 et
1097 507 1363 564 speciebus'}

52 581 136 622 Cui
153 584 388 621 aeternum
402 579 590 620 verbum
614 580 835 634 loquitur,
861 591 888 620 a
903 579 1055 620 multis
1075 579 1363 634 opinionibus

53 649 305 704 expeditur.
363 650 435 690 Ex
456 662 546 691 uno
572 651 711 691 verbo
743 650 916 700 omnia,
944 655 989 691 et
1013 662 1148 690 unum
1174 650 1363 705 loquun-

49 725 124 761 tur
142 721 315 771 omnia;
348 725 395 761 et
418 718 506 761 hoc
531 726 600 761 est
621 721 911 774 principium,
947 720 1068 774 quod
1095 725 1140 761 et
1163 720 1365 775 loquitur

5 789 8 792 ’
49 790 198 831 nobis.
257 789 402 831 Nemo
436 792 534 832 sine
564 790 646 831 illo
671 790 886 844 intelligit
917 796 996 830 aut
1023 795 1149 831 recte
1171 789 1361 844 judicat.

52 860 138 900 Cui
163 860 314 901 omnia
337 873 473 900 unum
499 865 624 911 sunt,
658 865 704 901 et
729 860 880 900 omnia
904 859 962 900 ad
995 873 1131 900 unum
1154 857 1296 900 trahit
1321 864 1366 900 et

54 930 207 970 omnia
229 931 276 970 in
301 943 389 970 uno
408 929 554 981 videt3
579 934 733 983 potest
757 930 933 971 stabilis
959 930 1097 971 corde
1124 942 1224 971 esse
1250 934 1297 971 et
1318 931 1362 969 in

50 1000 153 1041 Deo
178 1000 394 1054 pacificus
418 1012 701 1053 permanere.
763 1001 798 1041 Ο
826 1001 993 1041 veritas
1018 1001 1168 1051 Deus,
1193 999 1269 1041 fac
1291 1013 1364 1040 me

50 1082 188 1110 unum
203 1076 353 1111 tecum
368 1071 415 1110 in
441 1070 631 1112 caritate
647 1077 884 1124 perpetua.
943 1070 1122 1113 Taedet
1137 1083 1208 1112 me
1226 1083 1364 1124 saepe

50 1140 194 1180 multa
209 1139 366 1195 legere
386 1147 431 1181 et
448 1140 628 1181 audire:
654 1141 699 1180 in
722 1145 768 1181 te
788 1145 857 1181 est
879 1145 1025 1181 totum
1050 1141 1172 1195 quod
1195 1141 1300 1182 volo
1322 1146 1366 1182 et

53 1209 281 1251 desidero.
341 1210 548 1252 Taceant
565 1223 720 1252 omnes
739 1210 975 1262 doctores,
1001 1211 1167 1252 sileant
1188 1212 1365 1252 univer-

52 1292 132 1321 sae
150 1285 388 1321 creaturae
405 1280 452 1320 in
470 1286 717 1334 conspectu
733 1285 811 1322 tuo
824 1296 833 1321 ε
847 1280 1014 1322 tumihi
1024 1282 1212 1336 loquere
1223 1280 1363 1323 solus.

137 1348 176 1389 3.
211 1349 391 1398 Quanto
425 1349 590 1404 aliquis
621 1350 768 1404 magis
799 1351 887 1391 sibi
916 1351 1068 1392 unitus
1101 1356 1148 1392 et
1174 1352 1366 1392 interius

53 1419 367 1473 simplificatus
383 1417 536 1469 fuerit,
555 1424 682 1460 tanto
700 1419 831 1473 plura
849 1424 895 1461 et
910 1419 1077 1461 altiora
1092 1422 1189 1462 sine
1206 1421 1365 1462 labore

51 1488 292 1543 intelligit,
319 1489 426 1544 quia
442 1488 638 1542 desuper
653 1488 805 1530 lumen
828 1489 1160 1545 intelligentiae
1186 1491 1365 1544 accipit.

52 1559 222 1610 Purus,
249 1559 443 1613 simplex
460 1563 506 1600 et
521 1559 698 1600 stabilis
716 1560 900 1613 spiritus
916 1561 964 1600 in
979 1561 1133 1602 multis
1152 1573 1207 1615 op
1215 1561 1366 1602 eribus

53 1642 144 1670 non
162 1628 422 1684 dissipatur,
442 1629 548 1684 quia
566 1630 717 1670 omnia
734 1629 793 1670 ad
808 1630 898 1671 Dei
914 1628 1133 1672 honorem
1152 1636 1369 1685 operatur

56 1706 101 1740 et
123 1699 170 1739 in
195 1712 244 1741 se
278 1700 454 1741 otiosus
480 1699 535 1741 ab
564 1700 687 1740 omni
717 1702 904 1754 propria
935 1701 1238 1756 exquisitione
1266 1714 1366 1743 esse

21 1801 26 1804 .
54 1769 227 1809 nititur.
290 1769 401 1820 Quis
433 1775 480 1811 te
504 1771 651 1825 magis
683 1770 873 1824 impedit
898 1775 944 1811 et
964 1771 1200 1821 molestat,
1235 1784 1368 1826 quam

54 1845 136 1879 tua
151 1839 489 1881 immortificata
515 1839 699 1882 affectio
727 1839 904 1881 cordis&
928 1841 1084 1882 Bonus
1110 1847 1155 1882 et
1177 1840 1368 1882 devotus

56 1907 193 1950 homo
207 1921 348 1963 opera
364 1923 447 1950 sua
462 1912 585 1964 prius
602 1912 722 1952 intus
741 1910 952 1965 disponit,
966 1923 1081 1965 quae
1098 1910 1213 1952 foris
1232 1924 1370 1966 agere

59 1979 219 2031 debet;
251 1993 335 2021 nec
366 1980 448 2020 illa
476 1979 662 2021 trahunt
693 1993 794 2022 eum
827 1981 886 2022 ad
917 1980 1147 2022 desideria
1176 1982 1370 2022 vitiosae

56 2050 381 2101 inclinationis,
400 2049 481 2091 sed
498 2051 596 2103 ipse
612 2049 803 2092 inflectit
820 2065 875 2093 ea
891 2051 950 2092 ad
967 2051 1203 2092 arbitrium
1217 2056 1373 2092 rectae

57 2119 266 2161 rationis.
337 2120 447 2170 Quis
480 2118 618 2161 habet
648 2120 813 2162 fortius
846 2127 1098 2172 certamen,
1133 2133 1265 2176 quam
1298 2121 1374 2174 qui

61 2190 218 2230 nititur
239 2190 422 2231 vincere
447 2203 496 2231 se
520 2189 694 2244 ipsum‘}
723 2192 784 2232 Et
798 2190 886 2232 hoc
910 2191 1099 2232 deberet
1116 2204 1216 2233 esse
1233 2203 1372 2245 nego-

62 2258 172 2298 tium
187 2263 412 2300 nostrum:
431 2262 611 2302 vincere
629 2261 844 2303 videlicet
859 2274 906 2303 se
924 2263 1086 2315 ipsum,
1107 2267 1152 2302 et
1169 2261 1372 2316 quotidie
