1530 2517
210 110 294 148 DE
325 111 482 147 IMIT.
516 110 765 149 CHRIST.
825 112 934 149 [ΑΒ.
967 113 1021 149 11.
1057 113 1178 149 CAP.
1205 115 1242 149 1.
1344 114 1399 153 53

75 208 416 257 sermocinatio,
435 212 569 261 grata
587 207 861 259 consolatio,
879 208 1022 249 multa
1039 221 1142 262 pax,
1161 208 1396 251 familiari-

73 283 144 319 tas
162 277 387 332 stupenda
402 277 552 317 nimis.

156 349 197 388 2.
226 348 328 399 Eia,
355 347 506 388 anima
535 346 708 397 fidelis,
742 359 969 401 praepara
993 346 1099 390 huic
1124 362 1292 404 sponso
1321 365 1401 393 cor

73 422 215 469 tuum,
235 425 458 472 quatenus
477 417 536 458 ad
560 422 606 459 te
630 417 788 459 venire
817 423 863 459 et
879 419 925 458 in
941 423 987 459 te
1014 417 1223 462 habitare
1244 421 1399 476 digne·

73 493 163 529 tur.
223 487 300 530 Sic
326 489 445 529 enim
470 487 602 529 dicit:
645 487 701 530 Si
744 489 867 543 quis
911 489 1109 544 diligit
1140 504 1242 541 me,
1285 505 1400 533 ser·

75 571 290 600 monem
327 571 502 600 meum
542 559 823 610 servabit,
867 563 919 600 et
959 559 1025 600 ad
1059 573 1176 601 eum
1209 564 1400 604 venie—

73 641 189 669 mus
238 632 293 670 et
337 629 687 670 mansionem
736 629 880 683 apud
935 642 1053 671 eum
1109 630 1399 674 faciemus.

76 699 151 741 Da
168 711 280 754 ergo
309 697 491 741 Christo
517 699 669 741 locum
699 704 744 740 et
775 700 941 741 ceteris
975 701 1182 743 omnibus
1200 704 1401 756 negain-

77 771 279 811 troitum.
341 771 454 812 Cum
480 768 709 811 Christum
736 768 974 821 habueris,
1001 770 1127 812 dives
1148 784 1219 822 es,
1247 778 1292 813 et
1309 773 1401 813 suf-

74 840 168 881 ficit
192 840 290 881 tibi.
349 841 452 894 Ipse
479 840 566 881 erit
589 840 801 893 provisor
824 844 928 880 tuus
949 845 994 880 et
1010 840 1160 882 fidelis
1186 855 1403 896 procura-

72 916 149 950 tor
163 910 209 950 in
229 910 452 961 omnibus,
469 915 520 950 ut
536 922 626 950 non
644 910 705 950 sit
722 922 836 963 opus
854 910 900 949 in
919 908 1179 953 hominibus
1197 925 1400 966 sperare.

71 980 297 1021 Homines
317 981 437 1021 enim
454 981 544 1021 cito
562 985 817 1029 mutantur,
846 986 891 1020 et
916 980 1133 1022 deficiunt
1159 982 1403 1034 velociter;

73 1050 280 1092 Christus
298 1056 451 1091 autem
467 1055 621 1092 manet
644 1051 690 1091 in
708 1055 944 1092 aeternum
964 1057 1009 1092 et
1026 1051 1179 1092 adstat
1194 1065 1339 1107 usque
1357 1055 1403 1094 in

70 1121 206 1163 finem
223 1121 428 1163 firmiter.

155 1206 196 1248 3.
227 1204 332 1247 Non
351 1209 421 1246 est
436 1217 605 1259 magna
622 1204 790 1246 fiducia
806 1205 1020 1259 ponenda
1035 1207 1083 1246 in
1108 1205 1292 1249 homine
1310 1208 1401 1249 fra-

72 1276 156 1331 gili
182 1281 228 1317 et
250 1276 460 1325 mortali,
489 1275 669 1316 etiamsi
693 1276 819 1316 utilis
845 1276 905 1316 sit
931 1281 976 1317 et
1001 1276 1218 1328 dilectus;
1253 1292 1401 1333 neque

70 1346 262 1387 tristitia
283 1346 429 1386 multa
447 1357 503 1386 ex
528 1344 616 1386 hoc
641 1345 886 1398 capienda,
922 1347 960 1387 si
987 1346 1215 1387 interdum
1243 1346 1400 1387 adver-

72 1422 200 1458 setur
232 1420 278 1457 et
309 1415 608 1457 contradicat.
670 1416 760 1466 Qui
792 1414 930 1457 hodie
962 1422 1113 1458 tecum
1146 1422 1264 1466 sunt,
1300 1429 1401 1458 cras

73 1486 347 1529 contrariari
364 1491 579 1540 possunt,
599 1491 645 1527 et
662 1499 686 1526 e
706 1499 927 1527 converso
947 1499 1088 1540 saepe
1105 1491 1156 1527 ut
1172 1498 1286 1527 aura
1302 1500 1400 1527 ver-

69 1561 240 1598 tuntur.
299 1555 426 1597 Pone
437 1560 582 1597 totam
599 1556 813 1597 fiduciam
830 1558 877 1596 in
887 1558 1005 1607 Deo,
1020 1561 1066 1597 et
1076 1556 1136 1597 sit
1151 1557 1250 1609 ipse
1262 1557 1402 1597 timor

68 1632 175 1668 tuus
194 1630 240 1668 et
257 1637 387 1667 amor
400 1630 522 1666 tuus.
580 1626 683 1679 Ipse
700 1638 784 1679 pro
809 1631 856 1666 te
872 1625 1173 1679 respondebit
1198 1632 1242 1666 et
1258 1625 1402 1667 faciet

68 1698 201 1747 bene,
220 1697 338 1739 sicut
351 1696 516 1738 melius
533 1694 687 1737 fuerit.
747 1695 850 1736 Non
875 1694 1017 1737 habes
1044 1694 1118 1737 hic
1141 1702 1401 1738 manentem

73 1768 319 1818 civitatem,
337 1771 386 1809 et
400 1767 659 1821 ubicunque
675 1765 820 1808 fueris
832 1796 843 1816 ,
878 1772 1121 1808 extraneus
1141 1779 1188 1807 es
1209 1772 1254 1808 et
1269 1780 1399 1820 pere-

70 1838 250 1892 grinus,
267 1850 353 1878 nec
374 1837 582 1891 requiem
600 1836 846 1892 aliquando
866 1835 1080 1887 habebis,
1107 1837 1196 1877 nisi
1215 1836 1397 1878 Christo

67 1909 226 1949 intime
243 1906 388 1948 fueris
405 1909 572 1947 unitus.

153 1978 194 2020 4.
229 1979 349 2028 Quid
377 1977 449 2018 hic
475 1977 800 2031 circumspicis,
835 1990 934 2017 cum
959 1978 1048 2018 iste
1073 1989 1165 2017 non
1191 1978 1251 2018 sit
1268 1977 1397 2017 locus

66 2051 177 2091 tuae'
190 2047 580 2104 requietionisitln
600 2048 877 2088 coelestibus
896 2047 1034 2088 debet
1052 2060 1153 2089 esse
1171 2046 1396 2088 habitatio

66 2126 160 2170 tua,
188 2125 235 2161 et
257 2121 375 2161 sicut
396 2119 441 2159 in
473 2118 692 2168 transitu,
726 2122 888 2158 cuncta
909 2123 1094 2159 terrena
1117 2124 1223 2158 sunt
1247 2117 1396 2169 adspi-

155 2261 190 2293 2.
213 2257 349 2291 Joann.
366 2260 418 2295 14,
436 2260 490 2292 23.
