1530 2517
316 85 577 123 CHRISTI
633 85 741 122 Lm.
771 85 828 121 11.
861 86 981 122 CAP.
1015 86 1136 122 9.10.
1332 81 1385 121 69

150 185 191 224 7.
223 182 462 237 Nunquam
480 181 632 223 inveni
649 181 847 236 aliquem
864 186 957 222 tam
975 181 1239 236 religiosum
1255 184 1300 221 et
1310 178 1385 221 de-

69 258 236 305 votum,
249 253 325 308 qui
341 264 431 293 non
449 249 660 293 habuerit
675 251 900 293 interdum
919 252 1097 306 gratiae
1115 251 1385 292 subtractio-

66 336 184 375 nem,
204 327 284 364 aut
299 335 388 363 non
405 322 602 364 senserit
617 321 813 363 fervoris
831 322 1188 362 diminutionem.
1221 320 1385 362 Nullus

66 399 249 436 sanctus
266 392 355 433 fuit
369 398 463 433 tam
481 392 573 433 alte
589 396 748 446 raptus
775 397 821 434 et
835 392 1115 433 illuminatus
1127 423 1139 442 ‚
1167 392 1243 446 qui
1259 392 1384 445 prius

64 464 139 506 vel
162 468 327 518 postea
351 476 442 504 non
468 462 555 504 fuit
578 467 792 504 tentatus.
852 463 953 504 Non
983 463 1101 504 enim
1127 462 1289 517 dignus
1317 467 1387 503 est

66 535 160 575 alta
176 535 267 576 Dei
284 533 684 588 contemplatione,
704 534 780 588 qui
796 546 878 588 pro
897 534 998 575 Deo
1018 546 1108 574 non
1128 537 1197 574 est
1215 533 1384 573 exerei-

62 610 185 646 tatus
204 604 359 659 aliqua
374 604 685 646 tribulatione.
746 604 876 646 Solet
893 600 1011 645 enim
1030 604 1259 658 sequentis
1280 616 1382 644 eon-

64 675 306 716 solationis
338 675 532 716 tentatio
565 674 846 729 praecedens
881 688 981 716 esse
1014 675 1206 729 signum.
1266 673 1383 715 Nam

63 745 394 787 tentationibus
411 745 616 799 probatis
640 744 854 786 coelestis
870 745 1151 798 promittitur
1176 743 1383 785 consola-

63 817 146 858 tio.
216 815 320 867 Qui
358 816 586 868 vicerit,
624 816 794 871 inquit,
836 815 976 856 dabo
1021 815 1070 856 ei
1110 814 1278 856 edere
1320 813 1382 854 de

66 885 107 927 li
118 898 148 941 g
158 900 185 926 n
198 899 223 927 o
257 886 338 926 vit
349 898 375 926 a
386 898 425 927 e.

146 965 187 1004 8.
219 964 368 1005 Datur
385 969 538 1006 autem
555 964 811 1006 consolatio
831 963 997 1014 divina,
1009 968 1059 1004 ut
1068 961 1204 1004 homo
1217 962 1384 1003 fortior

64 1034 125 1075 sit
143 1033 200 1074 ad
217 1034 530 1076 sustinendum
548 1035 755 1077 adversa.
788 1034 1004 1089 Sequitur
1021 1035 1158 1075 etiam
1172 1034 1382 1083 tentatio,

64 1116 123 1145 ne
140 1117 190 1145 se
209 1104 359 1146 elevet
375 1105 431 1146 de
447 1105 586 1147 bono.
625 1105 730 1148 Non
747 1106 916 1147 dormit
932 1104 1158 1155 diabolus,
1176 1117 1260 1145 nec
1279 1115 1384 1144 caro

67 1173 218 1216 adhue
232 1179 414 1216 mortua
431 1180 522 1227 est;
552 1175 658 1218 ideo
684 1189 775 1218 non
793 1189 945 1219 cesses
969 1181 1014 1216 te
1032 1186 1308 1229 praeparare
1328 1173 1386 1213 ad

68 1249 313 1296 certamen,
328 1246 433 1299 quia
451 1258 478 1286 a
494 1246 666 1289 dextris
686 1252 732 1290 et
749 1260 776 1288 a
791 1247 986 1289 sinistris
1005 1244 1161 1286 hostes
1180 1250 1296 1296 sunt,
1311 1244 1386 1298 qui

69 1328 298 1370 nunquam
317 1316 570 1370 quiescunt.
1312 1310 1316 1314 ”

538 1756 797 1802 CAPUT
858 1757 932 1801 X.

349 1870 421 1913 De
442 1870 718 1927 gratitudine
741 1884 823 1925 pro
844 1869 1000 1926 gratia
1017 1869 1118 1911 Dei.

160 2021 200 2061 1.
235 2000 342 2062 Cur
366 2020 547 2075 quaeris
567 2019 787 2074 quietem,
815 2031 914 2060 eum
939 2022 1072 2059 natus
1097 2018 1160 2058 sis
1186 2015 1244 2056 ad
1265 2015 1390 2056 labo-

76 2089 201 2131 rem'ss
246 2090 374 2133 Pone
392 2096 438 2132 te
457 2090 515 2131 ad
532 2090 797 2144 patientiam
815 2090 985 2144 magis,
1006 2101 1139 2144 quam
1157 2087 1215 2128 ad
1233 2098 1391 2128 conso·
1414 2091 1418 2095 “

170 2231 204 2262 Ἰ.
231 2228 348 2273 Apoc.
368 2233 408 2269 2,
425 2232 458 2263 Ί.
