1530 2517
283 137 548 175 CHRISTI
604 138 712 173 LlB.
743 138 773 173 Ι.
807 138 926 174 ΟΑΡ.
961 140 998 175 1.
1017 140 1056 175 2.
1305 138 1330 177 5

9 234 166 274 bilium
208 231 473 274 abstrahere
517 238 561 273 et
601 231 657 273 ad
698 232 946 274 invisibilia
984 238 1030 274 te
1060 235 1326 276 transferre.

6 304 123 345 Nam
157 307 399 358 sequentes
433 315 562 343 suam
594 302 938 344 sensualitatem
969 305 1200 345 maculant
1225 318 1327 346 con-

9 375 263 425 scientiam,
284 378 329 414 et
344 372 539 427 perdunt
554 373 641 414 Dei
661 373 872 428 gratiam.

469 847 727 908 CAPUT
788 848 863 893 n.

299 960 369 1002 De
402 961 556 1002 lmmilz·
585 962 744 1003 sentire
776 963 847 1003 sai
876 961 1025 1016 ipsius.

88 1125 128 1164 1.
162 1107 332 1165 Omnis
357 1120 493 1162 homo
527 1121 798 1163 naturaliter
821 1122 938 1162 scire
965 1121 1219 1171 desiderat,
1247 1123 1326 1163 sed

5 1199 198 1240 scientia
223 1198 319 1238 sine
343 1198 508 1237 timore
533 1197 645 1247 Dei,
674 1196 781 1250 quid
797 1194 1041 1250 importat?
1072 1197 1242 1238 Melior
1262 1203 1330 1238 est

3 1267 215 1323 profecto
242 1266 424 1307 humilis
447 1268 666 1317 rusticus,
695 1266 772 1320 qui
793 1266 895 1306 Deo
915 1267 1076 1317 servit,
1105 1280 1238 1321 quam
1257 1282 1327 1307 su-

5 1338 173 1393 perbus
184 1335 498 1391 philosophus,
512 1337 590 1390 qui
605 1349 653 1377 se
665 1336 876 1390 neglecto
892 1348 1071 1376 cursum
1084 1337 1200 1378 coeli
1223 1350 1327 1378 con·

7 1408 195 1449 siderat.
259 1407 345 1457 Qui
385 1407 502 1447 bene
543 1419 592 1447 se
631 1406 779 1458 ipsum
813 1407 1072 1459 cognoscit,
1115 1406 1202 1447 sibi
1241 1408 1330 1460 ipsi

4 1478 198 1528 vilescit,
217 1490 301 1518 nec
316 1476 527 1517 laudibus
546 1475 800 1517 delectatur
815 1474 1039 1516 humanis.
1101 1476 1147 1518 Si
1167 1478 1331 1517 scirem

9 1548 182 1598 omnia,
211 1559 327 1602 quae
352 1547 399 1587 in
424 1545 591 1587 mundo
617 1551 742 1596 sunt,
780 1550 825 1586 et
848 1559 938 1586 non
973 1558 1121 1587 essem
1145 1547 1191 1586 in
1218 1548 1332 1587 cari-

8 1622 126 1660 tate:
147 1617 255 1672 quid
270 1630 342 1658 me
355 1617 539 1671 juvaret
555 1628 710 1657 coram
727 1616 845 1667 Deo,
866 1616 942 1670 qui
958 1628 1030 1656 me
1045 1616 1332 1669 judicaturus

12 1694 82 1730 est
100 1699 156 1729 ex
171 1685 325 1728 facto‘}

97 1782 137 1820 2.
172 1779 366 1829 Quiesce
384 1791 412 1819 a
428 1779 567 1820 nimio
586 1777 762 1819 sciendi
779 1777 1024 1829 desiderio,
1046 1779 1152 1833 quia
1168 1790 1335 1832 magna

13 1850 80 1891 ibi
94 1849 323 1890 invenitur
346 1848 583 1891 distractio
611 1853 656 1890 et
672 1848 898 1902 deceptio.
961 1848 1167 1889 Scientes
1192 1848 1335 1889 liben-

13 1925 86 1961 ter
99 1919 260 1960 volunt
273 1917 419 1959 videri
438 1924 484 1960 et
499 1919 727 1972 sapientes
746 1918 851 1960 dici.
909 1918 1058 1960 Multa
1075 1922 1199 1968 sunt,
1220 1930 1335 1972 quae

17 1991 135 2031 scire
159 2002 322 2043 parum
344 1988 420 2029 vel
441 1986 557 2029 nihil
588 1988 765 2029 animae
796 1992 1009 2042 prosunt3
1044 1993 1090 2029 et
1113 1988 1246 2028 valde
1272 1988 1337 2026 in-

18 2061 189 2113 sipiens
215 2063 306 2110 est,
340 2059 417 2113 qui
451 2058 676 2112 aliquibus
706 2058 923 2109 intendit,
958 2070 1092 2112 quam
1116 2055 1186 2097 his
1222 2069 1337 2110 quae

20 2129 159 2170 saluti
197 2141 308 2170 suae
341 2129 615 2170 deserviunt.
681 2128 830 2170 Multa
867 2128 1008 2168 verba
1046 2139 1137 2167 non
1169 2127 1339 2166 satiant

21 2200 240 2249 animam,
273 2198 356 2240 sed
377 2199 500 2239 bona
523 2199 619 2238 vita
639 2198 889 2252 refrigerat
911 2201 1130 2246 mentem,
1166 2201 1211 2235 et
1226 2206 1340 2247 pura

23 2271 302 2312 conscientia
319 2281 530 2323 magnam
550 2269 764 2310 adDeum
781 2272 986 2321 praestat
1003 2265 1337 2307 confidentiam.
