1530 2517
325 137 588 175 CHRISTI
643 137 752 174 Lm.
782 137 833 176 11.
867 139 988 175 CAP.
1021 139 1085 176 12.
1313 136 1366 177 79

42 233 316 289 portandum
326 247 409 289 pro
423 233 605 276 Christo
620 233 828 275 adversa.
859 233 1098 276 NihilDeo
1119 234 1365 288 acceptius,

41 303 157 345 nihil
172 306 258 346 tibi
274 305 500 347 salubrius
518 306 564 344 in
581 304 748 345 mundo
767 305 857 345 isto
869 336 881 355 ,
909 317 1043 359 quam
1060 305 1256 345 libenter
1271 306 1367 358 pati
1428 292 1431 296 r

44 387 127 428 pro
149 373 347 415 Christo.
406 375 467 415 Et
483 375 523 415 si
542 374 802 428 eligendum
819 375 903 416 tibi
923 379 1058 425 esset,
1074 375 1220 429 magis
1241 380 1366 427 opta-

41 457 93 486 rc
128 444 320 486 deberes
352 457 435 499 pro
465 444 645 486 Christo
681 444 874 485 adversa
905 446 1023 498 pati,
1054 457 1188 498 quam
1212 444 1366 484 multis

46 515 437 556 consolationibus
453 515 677 556 recreari:
699 516 805 569 quia
824 513 1005 556 Christo
1026 515 1221 555 similior
1241 527 1367 555 esses

46 588 92 625 et
125 585 332 626 omnibus
366 585 543 628 Sanctis
575 586 722 639 magis
756 584 1052 626 conformior.
1112 584 1214 625 Non
1249 585 1368 625 enim

45 659 137 695 stat
160 656 372 696 meritum
398 661 604 697 nostrum
639 660 685 696 et
710 655 945 710 profectus
979 660 1123 696 status
1150 655 1296 695 nostri
1322 655 1369 693 in

44 726 200 766 multis
218 727 519 767 suavitatibus
547 736 592 767 et
611 726 1003 767 consolationibus
1015 756 1027 776 ,
1054 725 1136 766 sed
1153 725 1305 778 potius
1323 725 1369 764 in

45 796 223 850 magnis
241 797 541 851 gravitatibus
560 801 606 837 et
621 796 991 837 tribulationibus
1009 794 1312 849 perferendis.

131 866 198 906 15.
233 866 283 908 Si
301 867 483 921 quidem
509 866 684 921 aliquid
698 866 862 907 melius
891 870 937 906 et
959 866 1117 906 utilius
1135 865 1274 905 saluti
1290 863 1369 905 ho-

46 937 238 987 minum,
266 950 401 991 quam
417 938 535 992 pati,
561 937 747 987 fuisset,
768 934 974 977 Christus
991 937 1148 990 utique
1166 936 1305 977 verbo
1326 940 1371 976 et

48 1007 255 1061 exemplo
284 1007 576 1049 ostendisset.
634 1007 754 1048 Nam
780 1010 826 1047 et
842 1009 1086 1060 sequentes
1105 1019 1154 1047 se
1174 1005 1369 1060 discipu-

45 1076 115 1117 los
135 1089 384 1132 omnesque
412 1091 514 1119 eum
531 1078 663 1132 sequi
681 1077 916 1131 cupientes
933 1075 1178 1117 manifeste
1197 1076 1255 1116 ad
1273 1089 1369 1117 cru-

46 1160 143 1188 cem
175 1147 449 1201 portandam
478 1146 691 1190 hortatur
723 1151 769 1188 et
800 1147 931 1188 dicit:
989 1145 1046 1187 Si
1087 1148 1210 1201 quis
1250 1147 1371 1187 vult

15 1223 19 1226 ”
42 1218 239 1259 venire
270 1222 401 1272 post
431 1230 536 1268 me,
579 1218 826 1272 abneget
857 1219 1035 1258 semet
1071 1218 1274 1270 ipsum,
1318 1223 1382 1258 et.

44 1287 220 1328 tollat
245 1300 463 1329 crucem
486 1300 661 1338 suam,
689 1292 743 1328 et
772 1291 1047 1342 sequatur
1069 1300 1164 1328 me.
1217 1288 1368 1327 Omni-

43 1359 128 1399 bus
155 1370 266 1413 ergo
283 1357 500 1411 perlectis
528 1362 574 1398 et
597 1358 810 1399 scrutatis
833 1358 894 1399 sit
917 1356 1033 1399 haec
1059 1358 1292 1399 conclusio
1319 1358 1367 1397 fi-

44 1428 183 1469 nalis:
242 1428 517 1478 Quoniam
562 1441 660 1482 per
704 1428 912 1468 multas
951 1428 1368 1470 tribulationes

47 1501 279 1552 oportet
323 1510 422 1539 nos
467 1499 687 1539 intrare
732 1499 787 1539 in
832 1510 1064 1552 regnum
1110 1499 1152 1540 D
1167 1499 1230 1540 ei.

138 1641 192 1672 15.
218 1637 310 1671 Luc.
328 1639 368 1678 9,
385 1640 442 1672 23.
493 1637 576 1673 Act.
597 1641 657 1678 14,
677 1641 734 1672 22.
