1530 2517
271 114 536 152 CHRISTI
593 115 702 152 Lm.
734 116 803 153 111.
837 118 956 154 CAP.
988 119 1055 154 49.
1077 119 1140 155 50·
1296 118 1372 157 171

43 211 135 252 mei
165 210 311 252 solius
335 211 627 265 beneplacito
662 225 717 254 ac
740 211 934 255 honore.
994 214 1099 256 Hoc
1126 215 1375 268 optandum

43 288 113 323 est
128 281 228 332 tibi,
247 286 297 321 ut
313 282 409 322 sive
427 294 510 335 per
527 283 667 324 vitam
687 283 784 326 sive
801 297 886 338 per
902 290 1098 327 mortem
1111 286 1239 327 Deus
1258 299 1373 327 sem-

40 364 124 406 per
138 352 186 393 in
204 356 249 394 te
266 351 567 406 glorificetur.

544 581 676 594 ——-·
684 578 880 597 οων-ω·-

505 799 768 845 CAPUT
836 802 902 844 L.

142 912 345 965 Qualiter
378 913 507 955 homo
543 914 761 955 desolatus
795 927 839 956 se
876 915 1002 957 debet
1037 914 1084 956 in
1116 929 1269 957 manus

548 982 648 1025 Dei>
673 977 854 1039 offferre.

118 1134 158 1174 1.
190 1112 406 1174 Domine
423 1131 575 1182 Deus,
595 1136 754 1174 sancte
771 1137 924 1186 pater,
949 1135 1012 1174 sis
1029 1146 1149 1174 nunc
1167 1137 1213 1173 et
1228 1133 1275 1173 in
1293 1145 1367 1175 ae-

35 1213 214 1250 ternum
231 1207 501 1249 benedictus
514 1237 526 1257 ‚
555 1208 664 1261 quia
681 1207 803 1248 sicut
820 1208 886 1248 vis
898 1237 910 1258 ,
937 1209 1005 1249 sic
1021 1207 1194 1248 factum
1214 1214 1302 1260 est,
1324 1219 1371 1251 et

33 1279 158 1334 quod
182 1278 322 1329 facis,
347 1279 519 1319 bonum
546 1282 630 1319 est.
690 1277 916 1319 Laetetur
932 1279 979 1319 in
995 1282 1043 1320 te
1068 1291 1228 1321 servus
1245 1285 1366 1331 tuus,

33 1363 126 1390 non
149 1351 195 1390 in
222 1361 295 1400 se,
321 1361 408 1390 nec
431 1348 478 1388 in
507 1347 662 1401 aliquo
691 1348 809 1389 alio:
843 1350 952 1402 quia
968 1355 1017 1389 tu
1042 1349 1169 1391 solus
1186 1350 1369 1392 laetitia

32 1433 165 1471 vera,
192 1425 242 1460 tu
259 1432 365 1473 spes
382 1430 487 1460 mea
506 1423 552 1459 et
570 1430 744 1459 corona
759 1431 886 1470 mea,
913 1424 963 1460 tu
980 1419 1199 1474 gaudium
1215 1434 1369 1462 meum

34 1497 81 1533 et
112 1489 264 1531 honor
293 1502 447 1541 meus,
471 1489 683 1529 Domine.
748 1489 869 1538 Quid
893 1483 1036 1531 habet
1060 1503 1221 1532 servus
1245 1496 1366 1542 tuus,

32 1562 120 1603 nisi
147 1561 270 1615 quod
297 1565 387 1602 ate
415 1560 595 1613 accepit
621 1560 759 1600 etiam
785 1559 884 1600 sine
903 1560 1071 1601 merito
1090 1560 1204 1602 suo'}
1264 1563 1368 1603 Tua

33 1637 138 1673 sunt
164 1632 340 1681 omnia,
367 1642 485 1685 quae
512 1629 681 1671 dedisti
709 1635 756 1670 et
780 1640 898 1684 quae
916 1629 1085 1672 fecisti.
1144 1631 1368 1686 Pauper

33 1714 148 1744 sum
182 1703 318 1743 etin
351 1700 652 1742 laboribus
683 1700 799 1741 meis
833 1712 861 1740 a
887 1701 1191 1754 juventute
1222 1715 1365 1753 mea,

34 1779 81 1814 et
99 1773 398 1814 contristatur
424 1772 576 1812 anima
591 1783 696 1812 mea
715 1783 1044 1825 nonnunquam
1059 1785 1205 1827 usque
1225 1773 1283 1814 ad
1301 1773 1366 1813 la-

32 1856 230 1897 crymas,
250 1841 528 1897 quandoque
547 1842 687 1883 etiam
705 1842 1005 1883 conturbatur
1023 1842 1082 1883 ad
1106 1856 1156 1885 se
1174 1849 1365 1897 propter

29 1914 319 1954 imminentes
339 1913 598 1966 passiones.

112 1986 153 2024 2.
185 1983 416 2025 Desidero
443 1984 571 2036 pacis
596 1982 840 2037 gaudium,
864 1995 1024 2036 pacem
1042 1984 1242 2025 filiorum
1259 1990 1361 2025 tuo-

21 2068 124 2095 rum
143 2055 304 2108 ssagito
317 2085 329 2104 ,
357 2055 435 2108 qui
450 2054 497 2093 in
515 2054 686 2095 lumine
706 2053 1039 2094 consolationis
1060 2067 1087 2094 a
1102 2061 1149 2095 te
1168 2067 1359 2108 pascun-

24 2130 110 2165 tur.
172 2125 222 2166 Si
251 2125 336 2165 das
359 2136 544 2177 pacem,
579 2124 620 2164 si
651 2123 872 2178 gaudium
905 2129 1111 2165 sanctum
1137 2123 1355 2176 infundis,

119 2269 150 2298 1.
178 2264 321 2298 Psalm.
342 2267 382 2298 δῖ
407 2267 500 2309 (85),
523 2267 576 2298 16.
