1530 2517
134 126 187 167 90
538 125 622 162 DE
651 124 1053 162 IMITATIONE

132 223 363 280 liquefieri
381 226 426 264 et
441 225 616 263 natare.
657 221 843 262 Teneat
860 232 1031 271 amore,
1042 219 1212 261 vadens
1230 233 1369 275 supra
1384 233 1456 262 me

132 308 245 351 prae
261 293 401 334 nimio
420 290 605 333 fervore
632 295 678 332 et
694 296 897 345 stupore.
959 291 1148 332 Cantem
1167 291 1336 331 amoris
1356 304 1457 332 can-

133 368 298 415 ticum,
324 374 493 417 sequar
508 366 554 402 te
573 360 789 402 dilectum
804 372 955 401 meum
972 360 1019 400 in
1037 359 1192 412 altum,
1212 359 1397 401 deficiat
1411 361 1458 401 in

132 435 271 478 laude
287 439 368 475 tua
386 433 538 474 anima
552 443 676 481 mea,
699 430 900 484 jubilans
927 441 984 470 ex
1007 442 1180 471 amore.
1238 431 1397 471 Amem
1412 434 1458 472 te

132 507 235 560 plus
261 515 397 558 quam
420 514 516 553 me,
541 513 628 542 nec
649 513 723 542 me
747 500 838 541 nisi
858 504 1049 554 propter
1064 505 1133 551 te;
1167 504 1213 542 et
1239 513 1395 543 omnes
1412 500 1459 541 in

132 581 203 627 te,
231 575 309 630 qui
331 585 439 614 vere
467 576 622 613 amant
644 576 715 622 te,
743 572 860 612 sicut
872 569 1005 624 jubet
1019 569 1096 611 lex
1113 571 1284 612 amoris
1301 570 1458 612 lucens

136 658 192 688 ex
208 649 267 687 te.

216 717 257 756 ’7.
288 714 374 756 Est
398 724 529 753 amor
550 712 710 763 velox,
745 712 972 763 sincerus,
1005 711 1131 765 pius,
1160 710 1387 764 jucundus
1414 716 1460 752 et

135 797 370 834 amoenus,
389 782 743 836 fortis,patiens‚
755 781 920 833 fidelis,
932 781 1147 836 prudens,
1165 780 1457 835 longanimis,

132 856 279 896 virilis
304 859 350 896 et
372 866 421 894 se
445 853 595 906 ipsum
617 864 847 906 nunquam
865 864 1104 906 quaerens.
1165 850 1255 892 Ubi
1273 850 1391 890 enim
1409 862 1459 891 se
1490 884 1492 886 .

134 927 285 980 ipsum
304 921 469 978 aliquis
488 922 682 976 quaerit,
699 922 766 962 ibi
784 922 840 962 ab
859 935 1016 963 amore
1036 920 1172 963 eadit.
1231 920 1315 961 Est
1331 932 1460 960 amor

136 997 505 1047 circumspectus,
525 990 706 1032 humilis
726 996 772 1033 et
784 996 959 1043 rectus3
986 1004 1076 1032 non
1092 990 1269 1042 mollis,
1286 1003 1378 1031 non
1394 990 1458 1031 le-

132 1067 217 1117 vis,
235 1077 320 1106 nec
336 1063 464 1104 vanis
481 1061 721 1103 intendens
737 1062 898 1112 rebus3
917 1062 1114 1113 sobrius,
1133 1065 1300 1112 castus,
1320 1061 1458 1101 stabi-

133 1136 213 1186 lis,
249 1134 429 1189 quietus
463 1137 509 1173 et
538 1132 584 1171 in
617 1132 790 1172 cunctis
815 1132 1022 1173 sensibus
1048 1131 1317 1173 custoditus.
1375 1131 1461 1171 Est

135 1217 265 1245 amor
282 1203 513 1257 subjectus
533 1206 578 1242 et
596 1201 815 1243 obediens
833 1201 1073 1256 praelatis,
1092 1201 1182 1243 sibi
1196 1201 1300 1242 vilis
1319 1206 1365 1242 et
1381 1200 1457 1241 de-

132 1279 338 1329 spectus,
361 1274 464 1314 Deo
485 1271 677 1312 devotus
698 1276 744 1313 et
759 1272 1015 1326 gratificus,
1041 1270 1187 1313 fidens
1206 1274 1252 1312 et
1267 1282 1457 1324 sperans

133 1356 314 1398 semper
329 1343 376 1383 in
395 1354 467 1392 eo,
482 1342 619 1383 etiam
636 1354 737 1383 cum
755 1342 843 1383 sibi
856 1355 946 1383 non
957 1341 1229 1396 sapitDeus,
1242 1340 1349 1395 quja
1359 1339 1458 1381 sine

134 1415 297 1456 dolore
316 1401 407 1453 non
422 1412 589 1452 vivitur
603 1412 651 1452 in
669 1424 841 1453 amore.

216 1487 257 1526 8.
292 1484 381 1534 Qui
405 1495 497 1522 non
523 1486 592 1522 est
608 1486 796 1535 paratus
822 1481 975 1532 omnia
991 1481 1087 1535 pati
1113 1484 1159 1521 et
1175 1479 1234 1521 ad
1249 1479 1457 1521 volunta·
1514 1493 1517 1496 ⁴

131 1563 225 1597 tem
250 1559 373 1595 stare
400 1552 577 1601 dilecti,
611 1564 701 1591 non
728 1556 798 1592 est
824 1551 986 1606 dignus
1013 1554 1192 1591 amator
1218 1549 1455 1604 appellari.
1512 1595 1513 1598 Ἴ

135 1626 330 1678 Oportet
355 1626 581 1662 amantem
607 1621 760 1661 omnia
786 1621 900 1662 dura
928 1626 973 1661 et
997 1632 1155 1662 amara
1177 1623 1368 1673 propter
1393 1619 1458 1659 di·
1514 1615 1517 1666 ζ

130 1695 299 1736 lectum
315 1693 514 1733 libenter
532 1691 760 1746 amplecti,
773 1703 858 1732 nec
875 1691 933 1732 ob
953 1689 1184 1732 contraria.
1201 1688 1456 1731 accidentia
1516 1703 1518 1739 ;

132 1764 188 1804 ab
208 1775 263 1805 eo
283 1760 479 1803 deflecti.
