1530 2517
467 153 548 191 ET
583 153 869 190 CAPITUM
1275 162 1326 191 lx

1231 234 1325 276 Pag.

8 296 102 341 Cap.
120 295 313 331 XXXVI.
340 296 483 330 Contra
497 306 596 330 vana
613 296 797 330 hominum
812 295 958 338 judicia
1022 320 1031 330 .
1082 321 1090 329 .
1142 321 1151 328 .
1201 319 1211 329 .
1261 298 1325 329 145

28 381 53 398 ,,
99 356 314 391 XXXVII.
341 357 398 391 De
417 367 510 401 pura
529 360 567 390 et
582 358 731 400 integra
750 357 1003 398 resignatione
1030 356 1085 389 sui
1104 356 1151 388 ad
1170 356 1234 389 ob-

410 417 599 452 tinendam
616 417 738 452 cordis
755 416 972 452 libertatem
1020 440 1030 450 .
1080 442 1089 451 .
1139 442 1148 451 .
1198 442 1209 451 .
1260 420 1322 450 14¹1

29 501 54 519 „
80 475 315 513 XXXVIII.
341 478 400 513 De
424 478 521 512 bono
544 478 725 521 regimine
749 478 788 512 in
815 478 988 512 externis
1013 479 1052 512 et
1081 488 1233 512 recursu

408 538 457 573 ad
473 539 595 573 Deum
611 538 652 572 in
667 536 848 583 periculis
900 561 1209 574 ......
1260 542 1325 572 148

28 622 53 640 „
114 596 312 634 XXXIX.
339 599 445 640 Quod
477 598 585 634 homo
625 610 699 634 non
739 599 789 633 sit
818 599 1051 644 importunus
1089 599 1128 632 in
1168 611 1233 633 ne-

409 661 521 703 gotiis
542 683 1209 696 ............
1259 663 1324 694 149

29 743 53 761 ‚‚
228 718 316 756 XL.
343 721 449 761 Quod
482 720 589 755 homo
612 720 709 755 nihil
732 721 821 755 boni
845 732 895 755 ex
921 731 960 754 se
985 719 1099 754 habet
1123 721 1233 755 etde

408 781 511 816 nullo
529 781 681 825 gloriari
699 784 828 827 potest
839 805 1208 816 .......
1259 785 1326 815 150

203 841 311 877 XLI.
336 843 396 876 De
415 846 601 876 contemtu
622 844 740 876 omnis
758 840 979 886 temporalis
997 841 1150 876 honoris
1199 867 1209 876 .
1259 845 1323 876 153

186 900 313 937 XLII.
341 902 447 942 Quod
463 912 545 948 pax
559 913 636 936 non
651 905 709 936 est
729 902 902 948 ponenda
917 903 957 936 in
974 902 1186 937 hominibus
1198 928 1206 937 .
1258 906 1325 937 154

161 960 311 997 XLIII.
339 962 481 997 Contra
497 973 628 996 vanam
647 971 684 996 et
703 962 932 997 saecularem
949 964 1145 997 scientiam
1198 989 1209 999 .
1258 967 1323 998 155

166 1020 312 1058 XLIV.
338 1022 396 1057 De
413 1034 488 1058 non
505 1022 729 1057 attrahendo
746 1023 818 1057 sibi
835 1035 896 1058 res
914 1024 1125 1058 exteriores
1138 1049 1148 1058 .
1198 1050 1206 1058 .
1257 1027 1322 1059 157

188 1081 313 1118 XLV.
339 1084 447 1124 Quod
480 1084 649 1117 omnibus
671 1094 747 1117 non
771 1086 830 1117 est
853 1084 1097 1125 credendum,
1123 1087 1160 1118 et
1186 1084 1230 1119 de

407 1130 516 1165 facili
532 1130 644 1175 lapsu
660 1132 857 1164 verborum
897 1156 1205 1166 ......
1256 1136 1322 1166 158

28 1214 51 1232 ,,
168 1188 311 1226 XLVI.
336 1191 394 1227 De
412 1191 640 1226 confidentia
654 1192 693 1225 in
710 1191 791 1225 Deo
809 1191 992 1233 habenda,
1011 1193 1157 1236 quando
1173 1193 1228 1226 in-

408 1255 565 1296 surgunt
579 1252 774 1287 verborum
789 1251 915 1296 jacula
960 1276 1207 1288 .....
1257 1256 1323 1288 160

148 1310 313 1347 XLVII.
339 1312 446 1353 Quod
470 1313 593 1347 omnia
622 1314 747 1356 gravia
769 1324 838 1358 pro
870 1316 1024 1348 aeterna
1044 1314 1123 1348 vita
1146 1318 1233 1349 sunt

406 1371 604 1408 toleranda
666 1398 1208 1410 ..........
1259 1377 1322 1409 163

131 1431 317 1467 XLVIII.
342 1433 402 1468 De
436 1434 496 1468 die
529 1434 770 1469 aeternitatis
809 1436 848 1468 et
879 1433 990 1477 hujus
1027 1435 1126 1469 vitae
1168 1445 1233 1469 an-

408 1495 545 1538 gustiis
604 1519 1209 1531 ...........
1261 1498 1325 1530 164

167 1552 316 1590 XLIX.
341 1554 400 1590 De
419 1555 605 1589 desiderio
623 1559 801 1589 aeternae
820 1556 930 1595 vitae,
949 1560 988 1589 et
1004 1559 1141 1600 quanta
1159 1557 1236 1590 sint

407 1616 643 1650 certantibus
659 1616 758 1649 bona
774 1618 959 1660 prom-issa
1021 1641 1031 1651 .
1080 1641 1090 1652 .
1141 1640 1150 1650 .
1198 1640 1210 1653 .
1260 1619 1324 1650 167

270 1675 314 1710 L.
342 1674 513 1716 Qualiter
528 1675 637 1711 homo
657 1675 847 1711 desolatus
866 1688 905 1711 se
925 1678 1037 1711 dehet
1052 1678 1090 1710 in
1105 1687 1235 1711 manus

408 1736 483 1770 Dei
501 1736 638 1771 offerre
666 1760 1211 1773 ..........
1263 1742 1326 1773 171

252 1795 317 1831 LI.
343 1796 451 1837 Quod
473 1795 675 1831 humilibus
692 1797 940 1831 insistendum
964 1801 1023 1832 est
1048 1799 1236 1844 operibuS,

410 1868 491 1891 cum
509 1857 681 1892 deficitur
698 1867 720 1891 a
737 1859 890 1892 summis
902 1884 1212 1895 ......
1263 1863 1329 1894 174

30 1941 54 1960 ,,
228 1917 315 1952 LII.
341 1919 448 1959 Quod
478 1918 586 1953 homo
617 1930 693 1953 non
722 1921 875 1963 reputet
907 1931 946 1954 se
977 1918 1233 1954 consolatione

410 1979 571 2021 (lignum,
591 1979 657 2013 sed
674 1979 793 2021 magis
808 1979 1024 2014 verberibus
1040 1991 1144 2015 reum
1199 2005 1209 2015 .
1259 1983 1325 2015 176

28 2062 53 2080 ,,
209 2038 315 2074 LIII.
342 2039 448 2079 Quod
465 2039 588 2082 gratia
604 2039 679 2074 Dei
701 2050 777 2073 non
799 2040 977 2074 miscetur
999 2044 1150 2075 terrena
1175 2052 1233 2075 sa-

409 2100 601 2144 pientibus
663 2125 1210 2137 ..........
1262 2104 1326 2135 178

29 2182 54 2200 ,,
211 2158 314 2194 LIV.
340 2159 398 2194 De
417 2160 575 2194 diversis
592 2162 752 2195 motibus
770 2165 926 2195 naturae
945 2163 983 2194 et
1000 2163 1143 2204 gratiae
1200 2186 1209 2195 .
1260 2164 1325 2194 180

30 2243 54 2261 ,,
232 2218 316 2254 LV.
342 2221 400 2254 De
417 2222 655 2265 corruptione
672 2226 828 2256 naturae
847 2225 885 2256 et
900 2221 1070 2255 efficacia
1088 2222 1232 2264 gratiae

411 2281 558 2316 (livinae
604 2306 1212 2317 ...........
1261 2284 1325 2316 184
