1530 2517
250 130 510 167 CHRISTI
566 130 673 166 LIB.
702 131 775 166 111.
817 131 939 167 CAP.
971 132 1036 168 22.
1056 133 1122 170 23.
1265 131 1345 171 123

27 227 223 268 libenter
240 225 350 267 velit
367 239 468 268 esse
481 227 712 278 minimus,
724 227 843 268 sicut
860 226 1025 281 aliquis
1045 234 1226 282 optaret
1245 241 1345 270 esse

27 298 273 347 maximus,
301 301 347 338 et
361 297 428 337 ita
443 297 660 350 pacificus
688 301 734 338 et
753 301 993 351 contentus
1010 299 1055 338 in
1080 298 1346 348 novissimo,

29 368 146 409 sicut
159 368 208 407 in
222 366 328 408 loco
346 367 492 420 primo
505 397 517 417 ‚
543 371 679 421 atque
695 367 763 407 ita
778 366 975 408 libenter
992 367 1285 421 despicabilis
1305 373 1351 408 et

30 438 256 491 abjectus,
276 436 444 477 nullius
463 449 645 491 quoque
664 438 858 478 nominis
878 442 923 478 et
939 437 1115 488 famae,
1143 439 1261 479 sicut
1279 451 1349 479 ce-

27 508 139 549 teris
157 505 476 548 honorabilior
500 511 547 547 et
567 508 719 561 major
742 508 790 547 in
813 507 998 548 mundo.
1057 507 1176 549 Nam
1191 508 1350 548 volun-

28 583 98 619 tas
124 583 204 619 tua
231 582 276 618 et
300 589 429 617 amor
454 575 643 618 honoris
666 578 732 618 tui
762 577 915 618 onmia
941 577 1165 619 excedere
1198 578 1349 629 debet,

31 653 76 689 et
93 647 192 702 plus
212 660 314 688 eum
333 647 564 688 consolari
581 648 819 701 magisque
836 647 1035 702 placere,
1049 660 1184 702 quam
1201 649 1352 690 omnia

28 718 253 760 beneficia
271 717 356 758 sibi
377 716 484 757 data
502 717 574 757 vel
594 717 757 758 danda.

421 1155 457 1202 C
469 1154 681 1200 APUT
742 1152 960 1201 XXIII.

142 1268 212 1311 De
247 1277 436 1324 quatuor
468 1282 677 1325 magnam
708 1268 1049 1323 importantibus
1068 1282 1239 1324 pacem.

117 1417 158 1457 1.
189 1399 313 1468 Fili,
345 1429 464 1458 nunc
496 1415 673 1457 docebo
702 1421 746 1457 te
772 1416 891 1456 viam
916 1417 1043 1469 pacis
1070 1422 1117 1457 et
1140 1430 1277 1458 verae
1303 1418 1354 1458 li-

31 1491 237 1533 bertatis.

113 1563 154 1601 2.
184 1561 295 1611 Fac,
307 1560 520 1612 Domine,
534 1560 657 1616 quod
674 1561 803 1611 dicis,
817 1561 926 1614 quia
943 1559 1031 1601 hoc
1046 1559 1157 1601 mihi
1174 1567 1354 1615 gratum

35 1636 103 1672 est
121 1630 295 1672 audire.

114 1701 152 1741 3.
187 1700 349 1751 Stude,
375 1700 464 1751 fili,
492 1701 681 1742 alterius
707 1701 860 1755 potius
878 1699 1033 1742 facere
1053 1700 1350 1750 voluntatem,

30 1784 166 1825 quam
183 1776 322 1812 tuam.
370 1771 504 1825 Elige
522 1784 703 1826 semper
718 1772 880 1822 minus,
895 1783 1028 1825 quam
1043 1770 1145 1824 plus
1163 1769 1350 1812 habere.

31 1842 213 1891 Quaere
231 1842 356 1895 semp
363 1853 413 1882 er
428 1839 696 1881 inferiorem
706 1840 860 1882 locum
871 1846 916 1881 et
927 1841 1134 1881 omnibus
1146 1841 1350 1882 subesse.

31 1912 150 1965 Opta
167 1923 348 1964 semper
365 1916 411 1952 et
429 1923 524 1962 ora,
535 1916 587 1952 ut
601 1911 812 1952 voluntas
824 1912 915 1952 Dei
929 1911 1108 1965 integre
1126 1911 1171 1950 in
1189 1915 1235 1952 te
1255 1911 1350 1951 fiat.

29 1982 164 2033 Ecce,
182 1981 289 2022 talis
307 1979 444 2022 homo
461 1981 720 2035 ingreditur
735 1982 849 2022 fines
866 1981 993 2035 pacis
1012 1986 1058 2022 et
1075 1981 1256 2035 quietis.

112 2051 153 2091 4.
184 2051 405 2102 Domine,
431 2064 582 2093 sermo
608 2055 713 2092 tuus
738 2052 827 2093 iste
851 2051 1002 2092 brevis
1024 2051 1215 2091 multum
1232 2052 1278 2090 in
1301 2063 1350 2091 se

32 2122 234 2163 continet
249 2122 564 2175 perfectiouis.
623 2122 798 2162 Parvus
824 2125 895 2163 est
920 2120 1065 2172 dictu,
1092 2121 1174 2162 sed
1192 2121 1352 2174 plenus

31 2204 168 2232 sensu
186 2196 231 2232 et
245 2192 360 2233 uber
374 2192 422 2232 in
439 2190 604 2232 fructu.
657 2191 772 2232 Nam
792 2192 831 2232 si
847 2195 1007 2244 posset
1023 2203 1050 2230 a
1066 2203 1137 2231 me
1156 2190 1355 2232 fideliter

32 2261 266 2312 custodiri,
276 2274 366 2303 non
378 2261 568 2304 deberet
578 2266 672 2302 tam
681 2260 834 2303 facilis
850 2262 897 2301 in
914 2273 986 2302 me
1003 2261 1204 2302 turbatio
1226 2261 1351 2302 oriri.
