1530 2517
340 587 637 646 LIBER
707 587 1247 649 SECUNDUS.

178 721 1385 807 *ADMoNrmoNEsAnlNTERNA

546 862 1047 905 TRAHENTES

605 1187 867 1234 CAPUT
938 1189 983 1232 Ι.

461 1301 533 1343 De
564 1302 744 1344 interna
777 1303 1122 1342 conversatione.

213 1450 252 1489 1.
284 1433 546 1503 Regnum
584 1448 693 1490 Dei
730 1448 881 1488 intra
919 1462 1015 1490 vos
1057 1455 1165 1500 est,
1214 1448 1325 1489 dicit
1361 1448 1455 1488 Do-

130 1519 290 1559 minus.
354 1519 581 1560 Converte
613 1524 659 1559 te
687 1529 744 1558 ex
765 1523 865 1560 toto
893 1520 1030 1561 corde
1057 1519 1116 1560 ad
1138 1520 1386 1560 Dominum
1413 1530 1458 1559 et

128 1589 336 1643 relinque
361 1587 479 1629 hunc
503 1589 721 1629 miserum
745 1588 981 1639 mundum,
1009 1595 1055 1630 et
1076 1590 1280 1630 inveniet
1305 1589 1457 1628 anima

127 1666 208 1698 tua
222 1659 442 1713 requiem.
501 1658 641 1700 Disce
669 1658 900 1699 exteriora
926 1663 1217 1700 contemnere
1245 1663 1291 1700 et
1316 1657 1374 1698 ad
1389 1659 1455 1698 in-

128 1729 305 1769 teriora
328 1733 374 1769 te
401 1727 532 1778 dare,
561 1732 606 1769 et
633 1727 808 1768 videbis
831 1739 1024 1782 regnum
1041 1729 1132 1770 Dei
1155 1730 1201 1769 in
1217 1734 1263 1769 te
1281 1729 1453 1769 venire.

127 1799 226 1838 Est
272 1799 391 1839 enim
435 1810 666 1852 regnum
705 1798 808 1839 Dei
850 1810 956 1851 pax
996 1805 1050 1839 et
1095 1798 1362 1853 gaudium
1399 1799 1456 1839 in

127 1869 336 1922 spiritu
367 1873 589 1918 sancto,
632 1867 755 1923 quod
779 1881 871 1908 non
895 1868 1030 1909 datur
1061 1869 1227 1923 impiis.
1287 1859 1456 1910 Veniet

128 1937 187 1978 ad
202 1943 248 1979 te
275 1936 505 1988 Christus,
542 1937 788 1979 ostendens
813 1939 896 1979 tibi
925 1939 1289 1980 consolationem
1307 1950 1451 1988 suam,

126 2008 167 2047 si
192 2006 376 2061 dignam
391 2008 461 2048 illi
487 2009 665 2049 abintus
684 2009 917 2061 paraveris
934 2010 1232 2050 mansionem.
1295 2009 1453 2049 Omnis

125 2076 278 2130 gloria
296 2077 393 2130 ejus
413 2082 459 2119 et
475 2077 616 2119 decor
633 2077 813 2118 abiatra
832 2083 914 2127 est,
931 2083 977 2118 et
991 2079 1055 2119 ibi
1074 2078 1331 2132 complacet
1347 2078 1450 2118 sibi.

123 2146 357 2200 Frequens
389 2147 459 2188 illi
489 2148 691 2189 visitatio
726 2160 826 2189 cum
860 2147 1042 2189 homine
1073 2149 1270 2198 interno,
1305 2147 1451 2188 dulcis

210 2288 237 2318 1.
262 2284 349 2318 Luc.
367 2288 416 2324 17,
432 2289 485 2321 21.
558 2286 660 2319 Rom.
679 2290 731 2326 14,
748 2290 797 2320 17.
