1530 2517
198 108 279 150 226
597 108 680 146 DE
718 96 1135 146 IMITATIONE'

652 362 910 410 CAPUT
971 363 1075 409 Xl.

245 478 376 532 Quod
407 490 564 533 corpas
602 476 770 519 Christi
801 482 845 518 et
874 489 1005 518 sacra
1035 476 1257 530 scriptura
1289 477 1475 520 maxime

492 547 584 589 sint
611 546 783 589 animae
801 545 934 604 fideli
961 545 1221 588 necessaria.

572 683 719 736 Vox
762 683 1135 735 D1sc1PUL1.

281 834 322 874 1.
356 817 406 876 Ο
427 834 689 877 dulcissime
707 832 890 874 domine
906 832 1032 883 Jesu,
1048 837 1217 887 quanta
1235 838 1304 876 est
1321 833 1515 888 dulcedo

201 909 396 951 devotae
415 908 594 948 animae
610 910 760 947 tecum
779 904 1004 958 epulantis
1021 906 1068 946 in
1086 905 1294 947 convivio
1312 910 1414 946 tuo:
1440 894 1516 947 ubi

200 980 244 1021 ei
267 991 359 1019 non
385 978 501 1018 alius
530 977 655 1017 cibus
680 975 1021 1016 manducandus
1046 975 1339 1029 proponitur,
1364 976 1455 1016 nisi
1469 981 1517 1018 tu

197 1049 356 1089 unicus
384 1047 576 1088 dilectus
604 1046 724 1099 ejus,
760 1057 897 1098 super
929 1046 1082 1085 omnia
1108 1044 1340 1087 desideria
1367 1044 1518 1086 cordis

200 1119 298 1172 ejus
317 1114 658 1158 desiderabilis!
718 1116 777 1156 Et
799 1113 907 1155 mihi
938 1114 1120 1168 quidem
1146 1114 1278 1156 dulce
1301 1114 1446 1166 foret,
1471 1115 1519 1155 in

196 1187 461 1242 praesentia
476 1191 557 1226 tua
575 1197 631 1226 ex
646 1186 806 1225 intimo
827 1183 998 1225 affectu
1013 1184 1241 1238 lacrymas
1258 1183 1452 1226 fundere
1475 1190 1521 1226 et

198 1270 299 1298 cum
330 1257 407 1310 pia
436 1256 717 1309 Magdalena
748 1255 889 1309 pedes
920 1258 1025 1294 tuos
1057 1254 1274 1308 lacrymis
1304 1255 1516 1309 irrigare.

199 1326 291 1369 Sed
315 1327 393 1367 ubi
420 1330 490 1366 est
505 1324 621 1367 haec
639 1323 853 1366 devotio}
910 1324 999 1364 Ubi
1015 1323 1323 1377 lacrymarum
1339 1329 1517 1366 saneta-

194 1410 295 1438 rum
314 1397 505 1450 copiosa
523 1393 717 1437 effusio?-
772 1396 906 1435 Certe
924 1395 971 1434 in
990 1399 1236 1447 conspectu
1251 1399 1330 1435 tuo
1352 1398 1399 1435 et
1416 1406 1517 1435 san-

197 1472 372 1508 ctorum
393 1466 673 1521 Angelorum
695 1469 878 1505 tuorum
900 1468 1048 1504 totum
1074 1476 1154 1504 cor
1175 1474 1327 1505 meum
1353 1464 1516 1506 ardere

196 1537 387 1578 deberet
412 1540 458 1578 et
482 1547 539 1577 ex
555 1534 725 1590 gaudio
744 1533 878 1584 flere3
911 1532 1059 1574 habeo
1088 1534 1207 1574 enim
1222 1538 1269 1575 te
1291 1535 1338 1575 in
1362 1546 1514 1575 sacra·

195 1611 347 1648 mento
374 1618 482 1648 vere
508 1609 819 1659 praesentem,
855 1605 1058 1658 quamvis
1084 1603 1237 1646 aliena
1260 1604 1414 1658 specie
1440 1616 1512 1646 oc-

196 1676 428 1717 cultatum.

276 1747 317 1786 2.
349 1745 468 1787 Nam
483 1745 530 1785 in
546 1745 733 1799 propria
759 1749 805 1785 et
821 1744 973 1785 divina
991 1744 1199 1785 claritate
1215 1748 1261 1785 te
1281 1743 1513 1797 conspice-

192 1828 244 1857 re
264 1815 386 1857 oculi
402 1816 494 1856 mei
509 1814 632 1856 ferre
650 1827 742 1855 non
757 1818 965 1868 possent,
984 1814 1068 1855 sed
1083 1826 1231 1869 neque
1248 1817 1372 1854 totus
1389 1826 1513 1853 mun-

195 1885 277 1926 dus
309 1885 356 1925 in
387 1884 571 1939 fulgore
599 1884 778 1939 gloriae
803 1884 1057 1938 majestatis
1089 1888 1194 1925 tuae
1228 1884 1512 1925 subsisteret.

192 1956 242 1997 In
259 1953 348 1996 hoc
366 1967 475 2010 ergo
493 1954 799 1996 imbecillitati
814 1967 946 1995 meae
965 1954 1189 2004 consulis,
1217 1953 1339 2008 quod
1363 1957 1409 1995 te
1431 1953 1527 2008 sub<

194 2030 481 2067 sacramento
502 2023 759 2065 abscondis.
818 2023 984 2065 Habeo
1003 2036 1110 2065 vere
1129 2027 1175 2064 et
1192 2023 1334 2064 adoro
1348 2052 1360 2074 ,
1381 2035 1515 2077 quem

191 2095 356 2150 Angeli
366 2095 563 2136 adorant
577 2095 624 2135 in
639 2094 786 2145 coelo,
799 2093 881 2134 sed
893 2105 979 2148 ego
993 2092 1140 2134 adhue
1153 2093 1336 2134 interim
1349 2094 1396 2134 in
1406 2092 1524 2144 fider

189 2166 260 2205 illi
293 2171 444 2206 autem
468 2166 515 2206 in
540 2164 694 2218 specie
729 2169 775 2205 et
798 2164 896 2204 sine
920 2163 1161 2204 velamine.
1218 2163 1295 2204 Me
1331 2167 1514 2217 oportet

192 2240 453 2277 contentum
479 2246 579 2279 esse
595 2234 642 2275 in
659 2233 827 2276 lumine
845 2245 982 2277 verae
999 2233 1110 2277 fidei
1135 2237 1180 2276 et
1202 2233 1249 2276 in
1276 2245 1332 2276 ea
1356 2233 1507 2274 ambu-
