1530 2517
327 100 589 138 CHRISTI
644 101 754 137 LIB.
788 102 853 137 lv.
888 102 1010 138 CAP.
1044 104 1108 139 15.
1293 102 1372 141 237

55 198 177 240 deris
203 210 288 239 nec
311 195 400 238 hoc
423 196 497 238 vel
520 195 634 237 illud
654 209 736 250 pro
756 200 835 238 tuo
854 197 986 238 libitu
1003 211 1085 239 seu
1100 199 1220 240 velle
1239 212 1375 255 quae-

54 270 210 321 sim-is,
239 267 321 310 sed
340 268 519 321 integre
536 271 582 308 te
599 267 646 307 in
662 267 763 320 ipso
782 269 1014 321 posueris:
1048 270 1221 309 unitum
1238 274 1284 311 te
1308 271 1375 311 in-

53 341 209 382 venies
228 343 274 380 et
289 342 515 392 pacatum,
530 336 636 390 quia
652 337 717 377 nil
732 338 798 377 ita
811 337 928 378 bene
943 339 1092 392 sapiet
1106 344 1150 380 et
1160 340 1373 393 placebit,

53 411 172 451 sicut
186 408 524 462 beneplacitum
542 407 722 448 divinae
742 407 1008 449 voluntatis.
1070 408 1285 463 Quisquis
1306 423 1374 451 er—

51 493 112 535 go
130 479 431 521 intentionem
449 490 577 518 suam
595 477 789 531 simplici
808 477 946 519 corde
964 492 1141 519 sursum
1158 479 1215 520 ad
1226 481 1374 522 Deum

50 548 286 598 levaverit,
298 560 438 602 seque
458 548 514 588 ab
534 548 656 588 omni
672 547 933 589 inordinato
953 561 1108 590 amore
1122 563 1204 590 seu
1219 550 1374 604 displi-

53 619 204 661 centia
221 618 465 672 cujuslibet
481 619 547 658 rei
569 622 752 659 creatae
773 620 1084 671 evacuaverit,
1113 621 1372 674 aptissimus

49 689 228 743 gratiae
254 688 577 742 percipiendae
611 701 664 730 ac
698 688 863 742 dignus
897 688 1154 730 devotionis
1186 703 1372 732 munere

49 758 149 799 erit.
186 758 281 799 Dat
299 758 416 797 enim
429 758 652 799 Dominus
669 759 734 799 ibi
750 758 1120 800 benedictionem
1138 773 1280 812 suam,
1294 763 1373 802 ubi

46 841 158 869 vasa
180 840 327 870 vacua
350 828 589 869 invenerit.
650 829 708 868 Et
735 833 903 882 quanto
930 828 1180 882 perfectius
1206 831 1371 872 infimis

48 900 148 954 quis
168 898 409 940 renunciat
434 901 480 938 et
499 898 646 952 magis
673 898 760 939 sibi
783 899 873 952 ipsi
897 911 980 952 per
1005 903 1280 940 contemtum
1301 902 1370 941 sui

45 970 262 1020 moritur,
289 972 416 1008 tanto
436 969 587 1022 gratia
606 968 800 1009 celerius
818 969 963 1019 venit,
983 970 1214 1023 copiosius
1232 972 1372 1011 intrat

49 1043 95 1081 et
112 1039 248 1080 altius
266 1038 460 1079 liberum
480 1050 560 1079 cor
577 1037 742 1078 elevat.

128 1109 170 1150 4.
203 1111 333 1150 Tunc
347 1106 524 1149 videbit
541 1113 587 1149 et
604 1107 761 1149 affluet
779 1113 825 1149 et
840 1109 1080 1149 mirabitur
1098 1114 1143 1150 et
1159 1110 1366 1152 dilatabi-

43 1184 119 1221 tur
144 1191 224 1221 cor
252 1179 351 1233 ejus
375 1178 423 1219 in
445 1179 571 1232 ipso,
599 1179 706 1233 quia
729 1190 891 1219 manus
907 1178 1095 1219 Domini
1120 1190 1220 1219 cum
1246 1191 1302 1220 eo
1326 1184 1370 1220 et

42 1251 142 1304 ipse
161 1262 209 1291 se
228 1249 382 1303 posuit
397 1248 606 1289 totaliter
622 1249 667 1288 in
684 1260 822 1288 manu
848 1248 945 1302 ejus
968 1260 1112 1302 usque
1137 1249 1181 1287 in
1208 1260 1366 1289 saecu-

42 1320 150 1361 lum.
210 1320 346 1370 Ecce,
371 1319 437 1360 sic
451 1318 740 1360 benedicitur
756 1317 910 1369 homo,
930 1318 1006 1373 qui
1025 1319 1204 1372 quaerit
1219 1319 1367 1359 Deum

40 1392 88 1432 in
106 1396 205 1431 toto
226 1389 364 1432 corde
383 1401 467 1430 suo
486 1401 571 1430 nec
587 1390 807 1429 invanum
827 1389 994 1442 accipit
1011 1388 1207 1428 animam
1222 1401 1364 1429 suam.

39 1462 195 1503 Hicin
213 1459 480 1514 accipiendo
499 1471 679 1501 sacram
698 1457 1020 1500 eucharistiam
1037 1468 1250 1511 magnam
1262 1470 1365 1511 pro-

41 1536 246 1573 meretur
270 1530 450 1572 divinae
474 1530 657 1570 unionis
681 1529 900 1585 gratiam,
935 1528 1042 1582 quia
1065 1540 1156 1568 non
1177 1529 1367 1581 respicit

2 1595 5 1598 ’
43 1602 99 1643 ad
120 1601 352 1656 propriam
363 1599 656 1642 devotionem
675 1603 721 1640 et
738 1598 1116 1648 consolationem,
1131 1597 1208 1638 sed
1229 1610 1367 1652 super

41 1684 219 1713 omnem
239 1671 531 1712 devotionem
550 1674 595 1712 et
611 1669 976 1711 consolationem
994 1666 1150 1709 adDei
1167 1667 1362 1723 gloriam

41 1747 87 1783 et
103 1740 342 1784 honorem.
