1530 2517
254 118 516 155 cfflus'rl
571 118 683 154 LIB.
715 119 783 155 lv,
817 119 939 157 CAP.
972 122 1037 158 12.
1070 123 1134 160 13.
1263 122 1345 164 233

25 213 299 264 millibus,
324 213 371 254 in
390 225 478 268 quo
498 212 773 266 complacuit
790 216 968 258 animae
986 230 1115 259 meae
1135 217 1342 262 habitare

25 284 234 326 omnibus
250 282 411 325 diebus
430 284 548 325 vitae
567 295 692 325 suae.
750 285 871 326 Vere
891 290 939 326 tu
957 288 1173 340 pacificus
1197 302 1340 341 meus,

21 356 67 396 in
85 367 173 410 quo
193 366 281 409 pax
299 366 474 395 summa
491 358 537 394 et
551 354 735 407 requies
755 367 884 404 vera,
910 360 1039 397 extra
1058 371 1190 412 quem
1207 359 1342 401 labor

22 430 68 466 et
99 425 235 466 dolor
266 428 312 465 et
342 424 519 464 infinita
551 424 752 464 miseria.
811 425 957 466 Vere
1001 432 1056 467 tu
1097 441 1120 468 e
1133 443 1152 469 s
1190 430 1230 471 D
1245 443 1267 471 e
1280 444 1340 470 us

20 494 416 544 absconditus,
452 498 497 534 et
523 493 761 534 consilium
787 498 912 534 tuum
937 509 1025 536 non
1054 504 1123 538 est
1141 512 1240 540 cum
1259 501 1339 540 im-

18 565 130 619 piis,
160 563 244 605 sed
268 576 369 606 cum
393 562 637 604 humilibus
665 567 710 604 et
734 565 1014 618 simplicibus
1041 580 1191 609 sermo
1219 575 1337 610 tuus.

21 636 58 676 Ο
78 648 211 689 quam
230 634 381 675 suavis
401 639 483 684 est,
502 635 713 684 Domine,
733 635 917 688 spiritus
938 640 1038 677 tuus
1051 668 1061 687 ‚
1083 639 1159 691 qui
1176 644 1225 679 ut
1242 639 1338 680 dul-

19 705 226 746 cedinem
243 709 367 744 tuam
383 705 428 745 in
440 704 558 745 filios
571 704 924 756 demonstrares,
939 718 1053 759 pane
1067 710 1336 751 suavissimo

19 773 75 816 de
103 774 234 816 coelo
256 773 561 816 descendente
588 774 693 814 illos
718 775 910 816 reficere
933 777 1156 831 dignaris!
1215 780 1338 821 Vere

17 858 124 886 non
164 849 250 886 est
289 844 407 885 alia
445 844 600 884 natio
641 847 753 884 tam
784 845 1037 898 grandis,
1079 861 1219 902 quae
1252 848 1338 890 ha·

15 915 149 958 beat
180 915 316 957 deos
356 915 885 969 appropinquantes
929 917 1060 968 sibi,
1102 920 1252 960 sicut
1280 926 1341 961 tu

16 986 58 1028 D
72 998 167 1027 eus
196 999 224 1025 n
237 998 263 1026 o
275 989 394 1027 ster
422 984 521 1025 ade
534 997 554 1024 s
579 973 804 1025 universis
821 984 1033 1027 fidelibus
1051 989 1155 1039 tuis,
1176 990 1339 1044 quibus

20 1056 78 1098 ob
98 1055 412 1111 quotidianum
429 1055 645 1096 solatium
664 1058 709 1095 et
727 1067 806 1096 cor
820 1056 1085 1110 erigendum
1102 1059 1147 1099 in
1162 1060 1341 1101 eoelum

18 1130 64 1169 te
81 1126 244 1168 tribuis
263 1125 322 1166 ad
340 1125 564 1167 edendum
582 1129 629 1166 et
643 1124 900 1166 fruendum.

102 1210 142 1251 3.
176 1210 307 1259 Quae
341 1215 412 1251 est
443 1211 563 1251 enim
594 1209 687 1250 alia
717 1222 830 1265 gens
861 1216 955 1250 tam
985 1212 1181 1265 inclyta,
1224 1214 1342 1255 sieut

18 1281 149 1336 plebs
168 1278 457 1323 Christiana‘}
513 1282 602 1321 Aut
619 1293 734 1334 quae
761 1286 972 1322 creatura
995 1282 1076 1322 sub
1097 1283 1228 1323 coelo
1247 1290 1341 1324 tam

21 1350 212 1403 dilecta,
245 1355 296 1393 ut
313 1352 463 1392 anima
481 1351 668 1400 devota,
697 1351 754 1391 ad
773 1363 907 1405 quam
924 1352 1181 1406 ingreditur
1197 1353 1340 1404 Deus,

17 1426 69 1464 ut
98 1425 260 1476 pascat
293 1434 394 1463 eam
435 1434 571 1463 earne
603 1433 687 1462 sua
717 1420 951 1475 gloriosa?
1012 1423 1049 1463 Ο
1089 1422 1339 1464 ineffabilis

18 1487 189 1548 gratia,
209 1505 235 1534 o
255 1491 537 1533 admirabilis
556 1491 760 1544 dignatio
773 1522 783 1541 ,
805 1505 829 1532 o
851 1504 980 1532 amor
995 1493 1242 1534 immensus
1260 1493 1340 1535 ho-

17 1564 129 1604 mini
168 1562 467 1617 singulariter
504 1560 763 1614 impensus!
824 1561 916 1603 Sed
951 1563 1057 1616 quid
1087 1565 1354 1605 retribuam,

17 1634 227 1675 Domino
250 1645 333 1686 pro
367 1633 518 1686 gratia
550 1632 662 1679 ista,
695 1644 777 1684 pro
806 1633 998 1674 caritate
1023 1638 1116 1673 tam
1146 1634 1339 1675 eximia&

18 1703 123 1745 Non
156 1707 226 1744 est
256 1702 404 1752 aliud,
439 1701 561 1756 quod
585 1701 759 1755 gratius
786 1701 958 1743 donare
986 1716 1170 1757 queam,
1206 1718 1340 1759 quam

20 1778 71 1814 ut
95 1785 176 1815 cor
197 1785 348 1814 meum
371 1773 473 1813 Deo
497 1784 602 1814 meo
628 1771 836 1812 totaliter
860 1773 1079 1823 tribuam,
1114 1779 1159 1815 et
1182 1774 1340 1816 intime

22 1843 310 1897 conjungam.
357 1844 488 1883 Tunc
505 1841 798 1883 exsultabunt
816 1843 967 1883 omnia
983 1844 1206 1885 interiora
1222 1858 1340 1895 mea,

21 1926 122 1955 cum
154 1912 359 1967 perfecte
392 1913 533 1954 fuerit
563 1913 691 1952 unita
714 1912 816 1953 Deo
852 1914 1003 1953 anima
1033 1926 1151 1954 mea.
1213 1916 1342 1956 Tunc

21 1983 144 2025 dicet
173 1982 306 2024 mihi:
354 1982 403 2024 Si
435 1987 486 2023 tu
514 1982 582 2022 vis
618 1993 719 2022 esse
750 1995 948 2033 mecum,
985 1996 1071 2037 ego
1097 1984 1203 2024 volo
1239 1997 1341 2025 esse

19 2061 184 2096 tecum.
243 2054 304 2094 Et
329 2065 415 2107 ego
440 2051 732 2106 respondebo
757 2053 846 2094 ilii:
879 2054 1106 2108 Dignare,
1124 2054 1340 2104 Domine,

112 2260 144 2290 2.
171 2256 250 2291 Jes.
269 2259 327 2296 45,
347 2258 402 2290 15.
453 2255 607 2289 neuter.
625 2259 659 2296 4,
676 2258 709 2290 7.
