1530 2517
208 127 470 165 CHRISTI
526 128 636 164 LIB.
664 128 734 164 111.
768 128 889 164 CAP.
922 128 988 164 37.
1008 128 1074 164 38.
1093 128 1160 165 39.
1258 124 1339 166 149

16 224 133 266 bene
151 222 462 273 serviendum,
480 227 618 277 prout
635 223 847 264 ordinata
864 228 969 264 sunt
986 236 1013 264 a
1028 223 1131 264 Deo
1152 228 1197 264 et
1212 223 1340 264 insti-

16 297 114 334 tuta
133 306 160 333 a
178 305 352 334 summo
373 293 556 347 opifice,
587 294 664 348 qui
687 293 753 333 nil
775 293 1086 334 inordinatum
1106 295 1152 334 in
1171 306 1254 334 sua
1269 306 1342 335 re-

13 363 148 418 liquit
165 368 391 404 creatura.

97 435 138 473 2.
173 433 220 475 Si
240 433 377 474 etiam
393 433 440 473 in
459 434 582 474 omni
600 438 763 474 eventu
774 438 883 484 stas,
896 447 987 475 non
1003 435 1050 474 in
1069 434 1338 488 apparentia

16 509 206 546 externa
221 515 306 544 nec
324 504 457 544 oculo
478 503 651 544 carnali
667 503 836 544 lustras
853 505 952 544 visa
967 505 1042 545 vel
1059 504 1230 554 audita,
1255 503 1339 545 sed

12 585 122 615 mox
142 574 191 614 in
215 573 421 628 qualibet
446 587 609 616 caussa
633 575 776 615 intras
805 588 904 616 cum
923 575 1091 628 Moyse
1115 575 1162 615 in
1188 575 1336 615 taber-

13 644 225 686 naculum
243 644 302 685 ad
320 644 647 686 consulendum
663 645 931 685 Dominum:
956 645 1115 686 audies
1133 658 1336 685 nonnun-

13 727 150 770 quam
181 715 382 756 divinum
418 727 690 768 responsum
732 719 777 755 et
811 715 965 756 redies
999 716 1245 756 instructus
1279 714 1337 756 de

10 785 166 825 multis
183 786 503 838 praesentibus
524 789 569 826 et
585 784 766 825 futuris.
806 784 997 838 Semper
1017 786 1135 826 enim
1145 785 1336 838 Moyses

8 868 247 898 recursum
263 853 424 895 habuit
442 854 500 894 ad
516 855 862 895 tabernaculum
878 867 961 908 pro
975 855 1124 895 dubiis
1144 859 1190 895 et
1200 867 1336 909 quae-

11 926 237 967 stionibus
256 925 503 976 solvendis,
516 924 726 980 fugitque
745 925 804 965 ad
822 926 1045 966 orationis
1058 925 1339 979 adjutorium

10 1009 94 1051 pro
106 996 323 1050 periculis
343 1000 388 1036 et
399 996 770 1049 improbitatibus
783 994 1016 1036 hominum
1027 994 1337 1036 sublevandis.

14 1066 91 1108 Sic
117 1071 163 1107 et
184 1071 235 1107 tu
259 1065 510 1120 confugere
530 1065 670 1106 debes
687 1066 735 1105 in
762 1066 913 1107 cordis
931 1065 1000 1106 tui
1022 1065 1338 1115 secretarium,

13 1137 213 1178 divinum
228 1137 447 1178 intentius
464 1136 754 1190 implorando
775 1135 1061 1191 suffragium.
1122 1136 1337 1189 Propter-

14 1220 70 1248 ea
87 1219 281 1262 namque
298 1207 323 1248 J
328 1219 440 1247 osue
464 1210 510 1247 et
526 1206 610 1246 filii
624 1206 770 1247 Israel
787 1218 814 1246 a
834 1206 1105 1248 Gabaonitis
1123 1206 1339 1259 leguntur

13 1276 216 1331 decepti,
245 1277 352 1331 quia
378 1289 429 1317 os
447 1277 633 1318 Domini
654 1277 780 1329 prius
806 1289 897 1317 non
921 1277 1339 1330 interrogaverunt,

13 1347 94 1389 sed
112 1347 299 1388 nimium
320 1346 494 1389 creduli
512 1346 718 1388 dulcibus
736 1347 1022 1388 sermonibus
1033 1345 1153 1387 falsa
1162 1345 1335 1400 pietate

14 1417 161 1459 delusi
177 1422 294 1459 sunt.

384 1856 421 1904 C
434 1858 534 1903 AP
545 1856 590 1904 U
600 1857 647 1903 T
713 1856 990 1904 XXXIX.-

122 1970 254 2025 Quod
282 1971 412 2013 homo
445 1984 534 2012 non
564 1970 624 2011 sit
650 1969 927 2026 importunus
954 1971 1002 2012 in
1033 1968 1237 2026 negotiis.

106 2119 146 2158 1.
175 2102 304 2172 Fili,
342 2119 574 2162 committe
605 2115 718 2157 mihi
749 2130 931 2172 semper
962 2131 1170 2160 caussam
1203 2122 1343 2167 tuam,

24 2202 110 2244 ego
128 2191 246 2232 bene
264 2191 504 2244 disponam
518 2190 563 2230 in
582 2192 790 2241 tempore
807 2202 907 2230 suo.
966 2190 1197 2242 Exspecta
1223 2185 1345 2228 ordi-

23 2260 256 2300 nationem
273 2272 436 2311 meam,
457 2265 503 2302 et
518 2259 689 2301 senties
706 2259 812 2301 inde
831 2259 1102 2314 profectum.
