1530 2517
142 109 195 149 58
546 110 629 147 DE
659 108 1059 146 IMITATIONE

140 208 227 248 ria.
290 207 379 256 Qui
402 205 564 246 melius
589 205 677 246 seit
699 204 818 258 pati,
843 203 1066 257 majorem
1091 204 1264 245 tenebit
1288 217 1460 258 pacem.

141 277 232 319 Iste
252 281 322 317 est
338 276 484 316 vietor
500 275 572 315 sui
590 278 635 316 et
660 274 868 315 dominus
893 272 1070 324 mundi,
1099 274 1268 315 amicus
1297 273 1461 317 Christi

144 352 189 386 et
206 343 338 387 heres
357 344 505 386 coelis

641 559 963 581 ἥρμ-

593 779 853 826 CAPUT
915 781 1013 825 IVa

318 893 388 936 De
414 908 533 949 pura
570 900 711 936 mente
743 900 788 934 et
817 893 1004 949 simplici
1033 893 1289 938 intentione.

225 1042 264 1081 1.
294 1025 501 1084 Duabus
528 1042 612 1083 alis
638 1041 774 1082 homo
803 1043 1065 1083 sublevatur
1090 1055 1117 1082 a
1139 1043 1464 1092 teri·eniS‚sim-

141 1115 346 1169 plicitate
365 1115 542 1156 scilieet
558 1119 604 1156 et
619 1104 832 1168 puritate÷
895 1114 1172 1168 Simplicitas
1200 1116 1338 1157 debet
1363 1128 1464 1157 esse

141 1186 187 1224 in
204 1185 480 1235 intentione,
506 1186 681 1238 puritas
707 1185 753 1225 in
780 1182 1042 1225 affectione.
1106 1184 1382 1239 Simplicitas
1400 1186 1465 1225 in-

142 1255 289 1296 tendit
303 1256 474 1307 Deum,
500 1255 675 1309 puritas
703 1251 1005 1308 apprehendit
1030 1259 1075 1295 et
1099 1260 1267 1309 gustat.
1327 1254 1466 1296 Nulla

141 1325 265 1365 bona
290 1327 409 1366 actio
436 1330 481 1366 te
506 1324 750 1378 impediet,
784 1324 825 1364 si
848 1323 967 1365 liber
990 1324 1109 1365 intus
1128 1325 1184 1366 ab
1201 1325 1464 1366 inordinato

143 1393 312 1436 affectu
336 1394 495 1436 fueris.
556 1394 606 1436 Si
635 1392 750 1435 nihil
776 1393 923 1445 aliud,
952 1407 1086 1448 quam
1102 1393 1466 1448 Deibeneplaci-

141 1470 236 1505 tum
254 1470 300 1506 et
314 1466 511 1519 proximi
528 1465 775 1505 utilitatem
790 1464 989 1505 intendis
1009 1469 1055 1505 et
1072 1465 1268 1519 quaeris,
1286 1465 1468 1505 interna

141 1535 356 1575 libertate
372 1534 661 1589 perfrueris„
701 1533 751 1575 Si
764 1538 942 1575 rectum
959 1547 1038 1575 eor
1053 1539 1181 1575 tuum
1199 1538 1342 1584 esset,
1359 1538 1468 1575 tune

145 1606 290 1645 omnis
317 1611 530 1646 creatura
554 1604 790 1658 speculum
814 1604 937 1644 vitae
964 1609 1010 1646 et
1032 1604 1149 1645 liber
1173 1608 1360 1645 sanctae
1387 1600 1474 1644 d0-'

144 1675 317 1715 eti-inae
345 1679 481 1715 esset.
539 1673 645 1715 Non
671 1678 742 1714 est
767 1678 978 1715 creatum
1001 1678 1095 1714 tam
1119 1686 1261 1727 parva
1286 1678 1332 1715 et
1348 1673 1465 1725 vilis,

145 1757 261 1798 quae
278 1745 368 1785 Dei
384 1745 639 1786 bonitatem
655 1756 746 1784 non
760 1749 1092 1797 repraesentet.

228 1817 268 1854 2.
302 1814 352 1856 Si
375 1820 424 1855 tu
451 1827 576 1856 esses
600 1815 722 1855 intus
746 1814 894 1855 bonus
920 1818 966 1855 et
988 1827 1150 1868 purus,
1182 1818 1290 1859 tunc
1316 1814 1468 1854 omnia

145 1885 244 1924 sine
282 1884 607 1938 impedimento
647 1883 829 1926 videres
863 1889 909 1925 et
936 1885 1054 1925 bene
1096 1896 1299 1936 caperes.
1376 1885 1469 1924 Cor

145 1966 308 2007 putum
332 1959 543 2007 penetrat
565 1955 747 1997 coelum
773 1958 819 1996 et
840 1953 1082 1995 infernum.
1144 1954 1302 2002 Qualis
1334 1967 1470 1994 unus-

148 2024 339 2077 quisque
371 2025 491 2065 intus
525 2029 616 2075 est,
647 2024 805 2065 taliter
833 2023 1011 2077 judicat
1042 2025 1256 2064 exterius.
1318 2023 1366 2065 Si
1401 2029 1471 2063 est

148 2094 364 2147 gaudium
380 2095 427 2134 in
450 2094 640 2144 mundo,
668 2092 757 2135 hoc
779 2095 936 2147 utique
960 2093 1168 2146 possidet
1190 2093 1288 2146 puri
1317 2092 1467 2134 cordis

148 2163 301 2204 homo.
361 2165 420 2205 Et
445 2165 484 2205 si
510 2169 580 2205 est
605 2165 774 2205 alieubi
796 2164 1030 2204 tribulatio
1053 2168 1098 2203 et
1123 2163 1346 2216 angustia,
1382 2160 1470 2203 hoe

148 2236 310 2277 melius
329 2236 585 2277 novitnmla
598 2234 892 2276 conscientia.
954 2233 1080 2275 Sicut
1095 2231 1265 2274 ferrum
1283 2233 1469 2273 missum
