1530 2517
162 78 262 120 -148
569 76 655 115 DE
694 76 1098 115 IMITATIONE

175 176 333 233 linque
350 181 422 227 te,
445 176 634 230 resigna
649 180 695 217 te
706 206 717 228 ,
746 180 792 218 et
807 175 975 218 frueris
991 188 1161 231 magna
1175 176 1357 219 interna
1372 191 1502 233 pace.

177 249 254 290 Da
269 251 417 288 totum
432 258 516 300 pro
533 250 658 297 toto;
688 246 754 287 nil
772 248 983 301 exquire,
1009 247 1075 287 nil
1088 251 1270 300 repete3
1303 252 1374 288 sta
1389 261 1503 302 pure

181 323 227 359 et
242 315 579 357 inhaesitanter
593 317 640 356 in
656 329 729 357 me
740 346 753 367 ,
784 320 830 358 et
845 315 1036 358 habebis
1053 329 1142 358 me.
1201 317 1305 358 Eris
1322 317 1441 359 liber
1455 320 1501 359 in
1522 349 1523 352 η

179 387 319 429 corde
347 392 394 428 et
415 386 635 428 tenebrae
660 399 753 428 non
771 387 1103 429 conculcabunt
1118 390 1178 427 te.
1237 386 1306 427 Ad
1323 385 1412 428 hoc
1429 401 1502 429 co·
1529 379 1530 386 ¹

174 470 311 508 nare,
330 455 420 497 hoc
439 468 542 507 ora,
567 454 655 498 hoc
672 456 888 499 desidera
897 487 909 508 ,
935 461 987 497 ut
1004 457 1059 497 ab
1079 457 1202 497 omni
1217 458 1500 511 proprietate

173 527 326 581 possis
357 526 609 579 exspoliari
634 530 680 567 et
702 527 850 568 nudus
873 526 1043 568 nudum
1058 527 1216 568 Jesum
1240 528 1393 581 sequi,
1417 529 1502 569 tibi

173 597 295 638 mori
336 601 381 638 et
417 595 528 636 mihi
567 597 866 639 aeternaliter
895 598 1065 638 vivere.
1126 596 1257 637 Tunc
1289 596 1504 639 deficient

176 679 333 707 omnes
350 679 497 707 vanae
521 664 817 720 phantasiae,
845 667 1220 709 conturbationes
1244 666 1428 720 iniquae
1457 673 1503 709 et

175 749 312 778 curae
330 735 604 790 superfluae.
663 738 793 779 Tunc
812 738 951 779 etiam
965 735 1156 781 recedet
1171 736 1503 779 immoderatus

172 809 312 849 timor
330 813 376 849 et
391 809 437 848 in
445 806 681 849 ordinatus
701 820 830 849 amor
845 809 1081 850 morietur.

509 1246 770 1294 CAPUT
829 1247 1157 1296 XXXVIII.

259 1360 330 1403 De
364 1361 475 1403 bono
509 1360 726 1417 regimine
758 1360 805 1403 ἰη
839 1361 1029 1404 externis
1063 1368 1108 1403 et
1137 1374 1316 1403 recursu
1350 1361 1413 1402 αιῑ

591 1430 739 1473 Deum
770 1430 818 1473 in
842 1431 1066 1487 perieulis.

248 1580 289 1620 1.
320 1561 447 1631 Fili,
467 1579 527 1620 ad
549 1580 675 1622 istud
699 1579 946 1635 diligenter
968 1580 1158 1623 tendere
1185 1580 1347 1631 debes,
1373 1584 1424 1621 ut
1446 1580 1493 1621 in

166 1652 289 1692 omni
304 1651 410 1694 loco
441 1657 486 1694 et
511 1654 693 1695 actione
717 1665 800 1695 seu
818 1653 1120 1708 occupatione
1140 1656 1329 1693 externa
1346 1653 1408 1694 sis
1426 1653 1492 1693 in-

134 1718 135 1721 ’
162 1722 301 1763 timus
312 1753 324 1773 ,
343 1722 462 1764 liber
480 1727 525 1764 et
539 1723 608 1763 tui
623 1723 768 1777 ipsius
784 1727 948 1776 potens
959 1754 972 1774 ,
1001 1727 1047 1765 et
1063 1724 1154 1764 sint
1174 1723 1327 1764 omnia
1343 1723 1426 1764 sub
1443 1727 1489 1764 te

166 1796 212 1833 et
225 1796 278 1833 tu
293 1805 385 1834 non
402 1793 485 1834 sub
505 1794 594 1845 eis3
621 1797 672 1835 ut
688 1793 750 1835 sis
770 1793 980 1834 dominus
999 1794 1230 1835 actionum
1245 1798 1428 1834 tuarum
1445 1798 1492 1835 et

161 1867 340 1914 rector,
366 1876 460 1904 non
484 1876 642 1905 servus
665 1877 751 1906 nec
770 1864 991 1914 emtitius,
1018 1863 1101 1904 sed
1116 1865 1264 1918 magis
1284 1868 1488 1905 exemtus

161 1945 389 1987 verusque
399 1933 658 1986 Hebraeus,
669 1935 717 1975 in
733 1938 907 1975 sortem
925 1946 979 1976 ac
987 1933 1250 1975 libertatem
1259 1934 1487 1974 transiens

161 2002 364 2044 filiorum
386 2004 498 2045 Dei:
535 2005 612 2059 qui
643 2009 766 2046 stant
793 2017 932 2058 super
955 2004 1219 2059 praesentia
1251 2008 1298 2045 et
1327 2013 1487 2057 specu-

160 2072 317 2114 lantur
356 2078 568 2126 aeterna,
611 2075 687 2129 qui
726 2075 996 2116 transitoria
1035 2075 1220 2116 sinistro
1254 2074 1488 2114 intuentur
1528 2079 1530 2082 '

162 2143 297 2185 oculo
319 2149 366 2186 et
381 2145 543 2187 dextro
571 2145 816 2195 coelestia,
845 2158 959 2199 quos
983 2145 1260 2198 temporalia
1283 2156 1375 2184 non
1395 2147 1484 2184 tra-
1528 2184 1530 2190 ,

158 2210 273 2255 hunt
290 2214 349 2255 ad
364 2213 713 2268 inhaerendum,
741 2214 823 2257 sed
847 2214 1034 2256 trahunt
1056 2216 1145 2269 ipsi
1170 2215 1318 2269 magis
1345 2225 1400 2255 ea
1426 2213 1485 2254 ad
