1530 2517
332 147 595 186 CHRISTI
652 147 761 183 Lm.
793 148 824 183 Ι.
858 148 981 183 CAP.
1012 153 1077 189 13.
1311 151 1365 190 21

22 245 192 302 'lignus
219 257 276 287 ex
297 250 396 286 toto
411 275 422 295 ,
457 243 563 284 dum
586 242 656 283 illi
680 255 771 283 non
794 244 1025 284 resistitur
1048 245 1093 284 in
1126 245 1366 299 principio„

30 317 102 358 'Et
119 320 287 371 quanto
307 315 477 356 diutius
497 313 555 354 ad
570 313 876 354 resistendum
896 314 994 367 quis
1012 316 1251 366 torpuerit,
1271 320 1368 355 tan-

41 393 91 428 to
123 388 168 427 in
195 399 244 427 se
274 385 478 441 quotidie
505 384 702 426 debilior
741 385 791 425 fit
832 389 877 424 et
908 382 1053 425 hostis
1082 391 1241 425 contra
1267 398 1372 426 eum

41 457 289 511 potentior.

128 526 168 567 6.
202 525 399 576 Quidam
430 526 477 566 in
510 524 734 579 principio
772 525 1085 566 conversionis
1124 538 1235 566 suae
1269 539 1373 580 gra-

42 598 197 638 viores
222 597 502 638 tentationes
527 596 785 649 patiuntur,
815 595 999 650 quidam
1026 601 1178 637 autem
1201 598 1247 636 in
1265 598 1371 639 fine.

46 667 243 718 Quidam
280 680 390 709 vero
434 667 564 722 quasi
603 678 686 720 per
725 670 872 706 totam
911 667 1052 706 vitam
1091 679 1219 707 suam
1251 669 1374 710 male

43 736 227 779 habent.
287 738 510 779 Nonnulli
533 738 646 778 satis
667 736 836 777 leniter
865 742 1100 778 tentantur
1124 739 1374 780 secundum

45 808 226 851 divinae
246 808 548 851 ordinationis
572 807 845 861 sapientiam
870 813 915 849 et
941 808 1234 862 aequitatem,
1256 823 1374 864 quae

44 885 214 922 statum
233 885 277 922 et
293 880 457 921 merita
474 877 707 919 hominum
722 882 887 931 pensat
899 883 945 919 et
954 884 1116 919 cuneta
1127 878 1185 919 ad
1205 880 1375 922 electo-

41 963 142 993 rum
161 963 348 991 suorum
365 949 560 990 salutem
575 947 888 1002 praeordinat.

127 1023 166 1061 7.
199 1020 309 1061 Ideo
336 1032 427 1060 nou
453 1019 669 1060 debemus
689 1019 960 1073 desperare,
996 1032 1094 1060 cum
1128 1025 1373 1072 tentamur,

43 1090 125 1131 sed
159 1103 213 1131 eo
247 1089 499 1131 ferventius
529 1090 680 1131 Deum
713 1102 922 1140 exorare,
957 1097 1179 1145 quatenus
1212 1105 1295 1133 nos
1327 1093 1375 1133 in

44 1161 168 1201 omni
191 1157 488 1202 tribulatione
515 1160 728 1215 dignetur
754 1160 993 1214 adjuvare:
1030 1162 1106 1216 qui
1128 1162 1286 1216 utique
1304 1177 1375 1204 se-

44 1231 241 1272 cundum
273 1230 442 1272 dietum
459 1231 593 1272 Pauli
630 1231 802 1272 talem
833 1230 1018 1273 faciet
1050 1245 1167 1272 eum
1196 1222 1374 1274 tenta-

41 1302 202 1342 tione
242 1305 600 1355 proventum,
648 1307 708 1342 ut
746 1302 1033 1355 possimus
1065 1304 1372 1345 sustinere.

42 1372 350 1414 Humiliemus
385 1383 495 1425 ergo
530 1372 704 1412 animas
736 1376 918 1412 nostras
945 1373 1027 1412 sub
1053 1384 1189 1412 manu
1213 1374 1304 1415 Dei
1327 1375 1373 1414 in

46 1444 169 1485 omni
186 1443 443 1484 tentatione
463 1448 508 1483 et
524 1442 846 1493 tribulatione,
874 1443 982 1496 quia
1000 1441 1191 1483 humiles
1211 1445 1372 1496 spiritu

43 1513 243 1555 salvabit
260 1517 306 1553 et
323 1513 559 1554 exaltabit.

127 1584 168 1624 8.
199 1583 251 1624 ln
281 1583 614 1624 tentationibus
657 1588 702 1624 et
742 1583 1112 1624 tribulationibus
1153 1585 1375 1637 probatur

43 1653 421 1708 homo,quantum
431 1653 644 1708 profecit,
658 1659 704 1695 et
718 1654 781 1695 ibi
792 1655 939 1707 majus
950 1655 1161 1694 meritum
1181 1656 1373 1705 exsistit,

46 1731 93 1766 et
107 1726 250 1766 virtus
267 1725 433 1766 melius
451 1725 661 1778 patescit.
722 1724 820 1765 Nee
835 1737 1050 1779 magnum
1070 1731 1152 1774 est,
1180 1726 1219 1765 si
1236 1724 1372 1765 homo

45 1796 238 1836 devotus
264 1796 325 1836 sit
350 1802 396 1837 et
419 1794 646 1846 fervidus,
674 1808 773 1836 cum
800 1796 1072 1849 gravitatem
1098 1807 1189 1835 non
1214 1796 1374 1844 sentit3

46 1866 130 1907 sed
160 1867 201 1906 si
238 1872 448 1920 tempore
490 1865 782 1908 adversitatis
821 1867 1051 1919 patienter
1082 1878 1131 1905 se
1164 1865 1373 1914 sustinet,

46 1949 152 1990 spes
168 1936 325 1991 magni
347 1936 585 1990 profectus
605 1937 705 1977 erit.
769 1936 964 1986 Quidam
983 1949 1010 1976 a
1026 1937 1203 1990 magnis
1228 1942 1373 1976 tenta-

44 2007 248 2047 tionibus
276 2006 597 2048 custodiuntur
623 2013 669 2048 et
682 2008 730 2048 in
746 2008 901 2061 parvis
928 2007 1207 2061 quotidianis
1233 2019 1372 2060 saepe

44 2079 299 2132 vincuntur,
310 2081 362 2117 ut
377 2075 843 2132 humiliatinunquam
862 2078 919 2119 de
937 2091 987 2119 se
1003 2079 1115 2131 ipsis
1132 2078 1177 2118 in
1195 2078 1372 2130 magnis

45 2147 292 2197 confidant,
313 2148 389 2202 qui
405 2149 452 2188 in
469 2153 563 2188 tam
579 2148 772 2189 modieis
789 2149 1089 2189 infirmantur.

134 2261 166 2291 7.
192 2260 209 2290 1
239 2257 322 2291 Cor.
340 2260 451 2296 10,13.
