1530 2517
164 149 217 190 ’78
560 150 643 187 DE
673 151 1076 189 IMITATIONE

162 248 336 297 tiones,
365 251 410 288 et
432 251 597 300 reputa
622 259 699 288 eas
725 248 945 289 maximas
972 247 1332 290 consolationes:
1375 250 1479 303 quia
1519 236 1530 274 ·-}

162 330 271 357 non
302 321 430 357 sunt
470 316 786 370 condignae
816 318 1119 370 passiones
1152 316 1314 372 hujus
1346 324 1480 359 tem-

163 387 321 441 poris
349 386 414 426 ad
438 385 681 426 futuram
706 386 945 440 gloriam
968 388 1331 441 promerendam,
1346 390 1481 430 etiam

166 457 206 497 si
223 456 348 497 solus
369 469 524 496 omnes
541 468 703 509 posses
726 457 966 497 sustinere.

248 537 317 576 11.
352 535 543 585 Quando
572 535 631 575 ad
655 533 744 575 hoc
768 536 971 585 veneris,
1000 535 1122 589 quod
1145 535 1381 576 tribulatio
1400 535 1484 576 tibi
1527 589 1530 591 -

167 605 311 646 dulcis
331 611 401 647 est
426 610 471 647 et
486 606 606 658 sapit
621 617 704 658 pro
726 603 905 646 Christo
919 635 931 655 ‚
957 609 1062 646 tunc
1079 606 1196 646 bene
1213 609 1363 646 tecum
1382 618 1482 646 esse

168 676 374 726 aestima,
388 676 494 730 quia
510 676 724 716 invenisti
739 674 1002 729 paradisum
1018 676 1064 715 in
1080 681 1219 716 terra.
1259 675 1485 725 Quamdiu

166 746 263 799 pati
279 758 418 800 grave
435 746 521 786 tibi
538 751 608 786 est
626 750 671 786 et
686 744 847 798 fugere
868 746 1065 798 quaeris,
1077 745 1251 785 tamdiu
1267 746 1388 786 male
1406 744 1483 786 ha-

168 816 297 857 bebis
318 820 363 857 et
379 820 596 870 sequetur
610 821 656 855 te
673 815 841 868 ubique
858 814 971 868 fuga
987 815 1308 855 tribulationis.

251 887 318 926 12.
353 885 398 928 Si
417 887 550 939 ponis
565 890 634 935 te,
662 884 720 924 ad
739 884 861 938 quod
881 897 980 924 esse
1001 883 1162 935 debes,
1187 886 1402 926 videlicet
1428 886 1491 926 aff
1528 897 1530 899 ’

167 956 430 1009 patiendum
458 960 502 995 et
525 954 832 1004 moriendum,
859 955 938 995 fiet
964 955 1052 994 cito
1078 955 1241 995 melius
1265 960 1311 996 et
1325 968 1486 1009 pacem

166 1027 385 1066 invenies.
443 1026 638 1066 Etiamsi
667 1029 825 1078 raptus
858 1024 1001 1065 fueris
1035 1037 1177 1078 usque
1212 1025 1270 1065 ad
1301 1027 1486 1066 tertium

169 1095 347 1136 coelum
380 1108 480 1135 cum
503 1095 673 1146 Paulo,
705 1107 797 1135 non
823 1107 871 1135 es
896 1099 1143 1147 propterea
1167 1101 1404 1136 securatus
1429 1095 1484 1137 de

165 1165 290 1205 nullo
340 1166 568 1206 contrario
616 1164 849 1219 patiendo.
938 1164 975 1204 E
993 1177 1023 1217 g
1041 1177 1066 1205 o
1086 1194 1098 1215 ,
1153 1165 1299 1218 inquit
1335 1166 1360 1207 J
1365 1179 1484 1217 esus,

167 1235 462 1276 ostendam
505 1236 620 1285 illi,
671 1241 878 1289 quanta
920 1239 1189 1287 oporteat
1229 1248 1346 1276 eum
1384 1249 1482 1290 pro

165 1306 386 1345 nomine
427 1317 545 1345 meo
586 1306 718 1358 pati.
788 1305 892 1345 Pati
926 1316 1036 1358 ergo
1069 1305 1154 1345 tibi
1182 1313 1412 1355 remanet,
1445 1309 1486 1348 si

165 1375 321 1415 Jesum
339 1375 531 1429 diligere
551 1380 597 1415 et
611 1378 834 1428 perpetuo
853 1374 923 1415 illi
940 1375 1112 1416 servire
1129 1375 1294 1428 placet.

249 1445 316 1485 13.
350 1446 533 1485 Utinam
552 1445 714 1499 dignus
742 1457 867 1485 esses
886 1445 1056 1499 aliquid
1074 1458 1157 1498 pro
1175 1448 1357 1488 nomine
1373 1448 1485 1489 Jesu

164 1515 283 1567 pati3
318 1527 452 1568 quam
467 1528 635 1569 magna
651 1515 802 1569 gloria
816 1519 1078 1556 remaneret
1094 1516 1176 1556 tibi
1185 1546 1197 1567 ,
1223 1524 1392 1570 quanta
1410 1531 1483 1558 ex-

165 1584 351 1625 sultatio
373 1586 579 1626 omnibus
598 1585 776 1626 Sanctis
794 1586 906 1635 Dei,
933 1590 1102 1639 quanta
1120 1599 1299 1640 quoque
1326 1588 1481 1628 aedifi-

166 1655 286 1694 catio
309 1659 431 1696 esset
446 1654 663 1708 proximi!
715 1655 833 1695 Nam
849 1656 1118 1708 patientiam
1137 1669 1292 1698 omnes
1307 1671 1482 1699 recom-

163 1724 399 1774 mendant,
428 1726 630 1778 quamvis
655 1725 787 1778 pauci
812 1729 963 1765 tamen
983 1727 1080 1778 pati
1098 1726 1253 1767 velint.
1312 1729 1482 1770 Merito

165 1785 356 1834 deberes
374 1794 570 1835 libenter
586 1794 814 1835 modicum
824 1796 920 1848 pati
929 1807 1011 1848 pro
1026 1794 1223 1847 Christo,
1235 1810 1335 1838 cum
1351 1799 1481 1840 multi

164 1864 379 1916 graviora
395 1865 628 1917 patiuntur
643 1877 726 1918 pro
746 1866 929 1906 mundo.

246 1934 314 1973 14.
349 1934 476 1975 Scias
508 1948 591 1988 pro
620 1940 768 1986 certo,
804 1937 911 1989 quia
934 1937 1205 1977 morientem
1228 1942 1274 1978 te
1301 1942 1484 1990 oportet

165 2002 331 2044 ducere
353 2003 517 2055 'vitam3
556 2010 601 2046 et
626 2010 793 2059 quanto
822 2006 1012 2059 quisque
1036 2007 1138 2059 plus
1163 2007 1250 2047 sibi
1273 2008 1480 2059 moritur,

162 2078 290 2113 tanto
317 2075 464 2128 magis
480 2075 582 2114 Deo
603 2075 754 2115 vivere
771 2076 944 2128 incipit.
1003 2076 1149 2117 Nemo
1177 2081 1307 2130 aptus
1335 2082 1404 2118 est
1423 2077 1482 2118 ad
1504 2104 1505 2107 =

165 2142 640 2196 comprehendendum
672 2145 916 2196 coelestia,
949 2146 1037 2187 nisi
1062 2159 1111 2187 se
1138 2147 1399 2189 submiserit
1423 2147 1481 2188 ad

259 2285 312 2315 10.
340 2282 443 2316 Rom.
460 2286 500 2324 8,
518 2287 571 2318 18.
599 2304 645 2309 -—
695 2287 747 2318 12.
775 2284 859 2320 Act.
879 2288 917 2326 9,
938 2288 999 2321 16.

1516 162 1524 187 κ·-
1518 100 1520 102 -
1514 0 1530 74 -mun
