1530 2517
311 126 576 163 CHRISTI
632 126 740 161 Lm.
773 126 843 162 ΠΙ.
878 127 1000 162 ΟΑΡ.
1034 127 1100 163 42.
1119 128 1187 164 43.
1329 127 1410 168 155

85 227 342 265 creatorem
359 223 541 263 vincere
555 235 566 272 3
582 225 692 263 tunc
708 220 768 262 ad
780 221 980 262 divinam
990 222 1164 265 valebis
1184 226 1412 280 cognitio-

81 307 184 335 nem
210 294 488 348 pertingere.
562 292 974 346 Quantumcunque
999 293 1230 335 modicum
1255 296 1337 346 sit,
1371 295 1411 337 si

79 364 339 406 inordinate
358 364 566 418 diligitur
591 366 637 404 et
651 362 919 416 respicitur,
945 364 1155 406 retardat
1178 377 1205 405 a
1229 378 1404 406 summo

82 437 128 475 et
142 434 286 475 vitiat.

467 810 736 857 CAPUT
797 810 1008 855 XLIII.

232 925 403 968 Contra
434 937 593 966 vanam
626 931 669 966 et
697 925 967 966 saecularem
999 923 1244 967 scientiam.

156 1075 196 1114 1.
227 1056 358 1124 Fili,
377 1085 467 1114 non
484 1077 531 1114 te
548 1077 763 1114 moveant
777 1071 970 1127 pulchra
988 1077 1035 1114 et
1050 1073 1240 1115 subtilia
1256 1072 1400 1115 homi-

71 1155 180 1184 num
211 1142 347 1186 dicta.
421 1144 542 1186 Non
592 1145 734 1186 enim
782 1149 866 1186 est
910 1157 1144 1199 regnum
1189 1146 1296 1188 Dei
1345 1147 1401 1186 in

71 1226 354 1266 sermone,
388 1215 487 1256 sed
516 1217 572 1256 in
603 1216 832 1256 virtute.
891 1214 1088 1256 Attende
1111 1216 1255 1257 verba
1279 1228 1398 1266 mea,

71 1296 191 1338 quae
209 1284 352 1325 corda
369 1284 626 1326 accendunt
644 1291 690 1325 et
704 1289 881 1326 mentes
897 1285 1169 1336 illuminant,
1181 1285 1402 1328 inducunt

71 1356 471 1409 compunctionem
505 1359 551 1396 et
572 1355 747 1395 variam
775 1356 991 1410 ingerunt
1016 1356 1396 1398 consolationem.

67 1424 312 1481 Nunquam
338 1426 397 1466 ad
419 1424 509 1467 hoc
532 1426 663 1481 legas
687 1427 900 1478 verbum,
933 1431 985 1467 ut
1008 1426 1190 1467 doctior
1223 1431 1302 1468 aut
1327 1440 1398 1468 sa-

65 1495 272 1549 pientior
286 1498 437 1550 possis
447 1496 609 1538 videri.
644 1496 786 1538 Stude
803 1497 1149 1537 mortificationi
1165 1498 1395 1548 vitiorum,

68 1567 178 1621 quia
198 1565 289 1608 hoc
313 1567 507 1622 amplius
523 1567 610 1608 tibi
625 1565 855 1621 proderit,
883 1579 1019 1621 quam
1043 1568 1210 1608 notitia
1233 1568 1397 1609 multa-

65 1648 169 1678 rum
187 1636 441 1679 difficilium
459 1637 794 1693 quaestionum.

150 1708 192 1748 2.
226 1709 340 1750 Cum
369 1708 515 1750 multa
544 1708 717 1764 legeris
751 1713 798 1748 et
829 1709 1124 1762 cognoveris,
1160 1708 1218 1749 ad
1256 1721 1395 1749 unum

68 1791 250 1833 semper
278 1783 463 1834 oportet
491 1778 645 1821 redire
676 1779 963 1833 principium.
1031 1779 1132 1833 Ego
1160 1792 1282 1830 sum,
1317 1781 1394 1834 qui

68 1848 214 1890 doceo
240 1847 471 1891 hominem
496 1850 760 1900 scientiam,
795 1854 841 1890 et
864 1849 1110 1890 clariorem
1133 1849 1391 1904 intelligen-

65 1920 178 1960 tiam
193 1920 395 1974 parvulis
411 1920 563 1961 tribuo
576 1949 589 1971 ,
616 1932 752 1974 quam
777 1920 833 1961 ab
852 1918 1035 1961 homine
1052 1920 1200 1973 possit
1217 1919 1388 1961 doceri.

68 1990 152 2031 Cui
170 2002 257 2044 ego
275 1989 456 2045 loquor,
476 1991 566 2031 cito
585 1991 768 2044 sapiens
788 1991 875 2032 erit
895 1995 941 2031 et
955 1990 1146 2030 multum
1162 1991 1208 2030 in
1227 1991 1390 2044 spiritu

60 2059 288 2113 proficiet.
347 2061 448 2102 Vae
475 2061 564 2112 eis,
591 2061 669 2116 qui
689 2060 833 2101 multa
850 2060 1034 2102 curiosa
1053 2060 1108 2101 ab
1127 2058 1388 2101 hominibus

61 2130 296 2184 inquirunt
336 2136 381 2172 et
413 2131 469 2172 de
500 2132 576 2171 via
605 2129 718 2172 mihi
750 2129 979 2172 serviendi
1011 2142 1172 2184 parum
1213 2135 1388 2171 curant.

157 2273 188 2303 1.
219 2273 237 2304 1
253 2269 337 2304 Cor·
356 2274 388 2311 4,
407 2274 465 2306 20.
