1530 2517
261 119 524 157 CHRISTI
580 119 690 155 LIB.
721 119 789 155 lv.
831 119 952 156 CAP.
984 120 1049 156 13.
1070 120 1134 156 14.
1278 117 1359 159 235

35 217 151 258 riem
177 227 268 257 non
284 215 490 257 valentes
516 214 651 256 aliter
667 218 925 268 temperare
951 227 1036 257 nec
1053 216 1246 267 satiare,
1271 217 1361 258 nisi

38 299 202 341 corpus
219 291 344 327 tuum
365 298 464 327 cum
488 285 609 326 omni
629 284 917 339 jucunditate
944 291 990 327 et
1013 286 1242 340 spirituali
1267 288 1358 327 avi-

37 356 181 398 ditate
201 356 501 410 accepissent.

120 427 161 465 2.
196 426 233 466 O
251 438 362 466 vera
380 425 545 467 ardens
563 424 677 466 fides
697 437 877 477 eorum,
897 426 1138 480 probabile
1158 428 1358 469 existens

37 499 357 551 argumentum
374 507 535 537 sacrae
551 496 842 549 praesentiae
859 494 989 537 tuae!
1046 497 1130 538 Isti
1149 498 1267 539 enim
1284 511 1359 539 ve-

35 566 206 608 raciter
218 566 755 620 cognoscuntDominum
770 578 900 607 suum
916 566 964 606 in
976 565 1201 608 fractione
1212 568 1358 620 panis,

38 649 230 691 quorum
249 649 329 678 cor
343 641 438 677 tam
454 635 606 677 valide
626 635 759 677 ardet
775 636 822 676 in
842 636 906 677 eis
926 635 982 677 de
998 636 1024 677 J
1029 648 1108 676 esu
1127 637 1358 677 ambulan-

33 711 80 748 te
100 719 198 747 cum
219 707 302 748 eis.
339 707 503 761 Longe
523 711 593 748 est
610 718 635 746 a
652 719 724 748 me
741 719 880 761 saepe
890 706 997 747 talis
1016 704 1209 747 affectus
1225 711 1270 748 et
1282 707 1357 748 de·

32 777 157 817 votio
169 805 181 826 ,
204 780 299 817 tam
314 775 559 818 vehemens
579 789 707 818 amor
725 781 771 818 et
788 776 940 818 ardor.
994 777 1106 817 Esto
1124 775 1237 817 mihi
1252 790 1356 830 pro-

33 847 189 901 pitius,
207 847 317 889 Jesu
331 847 475 898 bone,
496 847 640 888 dulcis
660 852 706 888 et
719 847 940 900 benigne,
965 850 1011 887 et
1028 847 1228 888 concede
1246 860 1356 901 pau-

33 917 134 971 peri
150 917 358 958 mendico
377 922 456 958 tuo
469 949 480 969 ‚
505 918 579 958 vel
595 916 822 958 interdum
838 916 1068 958 modicum
1087 916 1142 958 de
1162 918 1357 958 cordiali

34 986 204 1029 affectu
229 988 398 1029 amoris
421 988 491 1028 tui
510 989 557 1028 in
583 999 716 1028 sacra
742 987 1059 1028 communione
1077 987 1270 1038 sentire,
1303 992 1356 1028 ut

33 1058 147 1100 fides
164 1071 268 1100 mea
282 1059 430 1113 magis
449 1058 753 1108 convalescat,
766 1070 871 1111 spes
884 1057 1146 1098 inbonitate
1159 1061 1239 1097 tua
1248 1069 1352 1111 pro-

32 1129 178 1180 ficiat,
207 1134 253 1171 et
277 1130 443 1170 caritas
470 1128 612 1170 semel
636 1127 842 1181 perfecte
869 1139 1063 1169 accensa
1085 1131 1131 1169 et
1148 1128 1352 1169 coeleste

30 1210 196 1241 manna
215 1205 403 1253 experta
417 1211 646 1253 nunquam
664 1197 863 1238 deficiat.

115 1270 155 1311 3.
187 1269 358 1311 Potens
386 1274 456 1310 est
481 1273 631 1309 autem
655 1267 975 1308 misericordia
990 1271 1071 1308 tua
1093 1268 1229 1309 etiam
1248 1279 1351 1323 gra·

28 1342 138 1381 tiam
152 1339 461 1381 desideratam
477 1336 587 1378 mihi
600 1342 838 1391 praestare
858 1341 903 1378 et
917 1338 963 1378 in
980 1337 1142 1391 spiritu
1155 1338 1351 1389 ardoris,

30 1424 130 1468 cum
143 1411 240 1452 dies
256 1410 534 1464 beneplaciti
549 1409 617 1449 tui
632 1408 907 1458 venerit‚me
926 1407 1277 1450 clementissime
1288 1410 1351 1449 vi-

29 1482 185 1523 sitare.
245 1482 424 1522 Etenim
440 1481 549 1521 licet
564 1484 693 1520 tanto
714 1478 944 1519 desiderio
961 1483 1059 1519 tam
1082 1478 1350 1532 specialium

30 1551 300 1593 devotorum
324 1556 507 1592 tuorum
530 1563 624 1590 non·
648 1548 812 1598 ardeo,
840 1553 994 1589 tamen
1020 1548 1076 1589 de
1104 1548 1255 1602 gratia
1272 1553 1351 1589 tua

28 1623 152 1664 illius
176 1623 331 1676 magni
354 1620 622 1661 inflammati
641 1619 858 1660 desiderii
880 1618 1158 1660 desiderium
1182 1617 1348 1669 habeo,

29 1704 164 1733 orans
181 1696 227 1733 et
239 1691 521 1742 desiderans,
535 1691 734 1731 omnium
750 1690 910 1730 talium
927 1688 1208 1730 fervidorum
1226 1701 1349 1729 ama-

25 1768 176 1803 torum
200 1766 384 1802 tuorum
407 1762 676 1815 participem
701 1773 774 1802 me
799 1761 900 1801 fieri
926 1772 980 1802 ac
1006 1771 1163 1801 eorum
1187 1763 1346 1801 sancto

28 1832 260 1875 consortio
282 1831 585 1872 annumerari.

118 1973 151 2004 2.
179 1969 267 2004 Isti
299 1970 417 2005 enim
449 1974 521 2006 etc.
549 1970 610 2005 cf.
630 1971 721 2006 Luc.
741 1974 798 2011 24,
815 1973 872 2005 30.
888 1972 931 2005 31
949 1972 987 2005 et
1002 1971 1057 2004 35-
