1530 2517
319 123 584 161 CHRISTI
640 123 752 161 Lm.
781 124 853 161 111.
886 125 1009 162 CAP.
1042 126 1108 162 45.
1293 123 1375 164 159

45 218 228 262 Christo
246 218 459 261 fundata!
494 219 545 262 Si
559 220 629 260 ita
643 232 824 262 mecum
843 219 989 273 foret,
1015 234 1107 262 non
1124 230 1217 262 tam
1234 221 1374 264 facile

43 291 183 331 timor
199 288 421 332 humanus
437 303 511 332 me
531 291 830 343 sollicitaret,
856 305 942 333 nec
957 292 1202 333 verborum
1215 293 1373 347 Jacula

41 366 293 402 moverent.
356 361 469 412 Quis
488 363 643 403 omnia
659 362 946 417 praevidere,
975 363 1075 417 quis
1093 374 1371 416 praecavere

39 429 198 472 futura
220 431 344 472 mala
368 431 571 474 sufficit?
630 432 681 475 Si
704 434 919 488 praevisa
944 445 1084 487 saepe
1113 434 1252 474 etiam
1278 433 1372 475 lae-

42 500 167 553 dunt,
187 502 296 556 quid
311 503 563 557 improvisa
578 504 668 544 nisi
686 505 891 559 graviter
906 502 1105 546 feriunt?
1151 503 1246 545 Sed
1263 517 1371 558 qua-

38 583 90 613 re
114 570 228 613 mihi
251 573 421 615 misero
447 587 539 615 non
557 575 723 617 melius
741 574 950 629 providi‘}
1011 576 1103 616 Cur
1121 575 1261 615 etiam
1276 580 1372 615 tam

40 641 179 684 facile
198 643 301 684 aliis
321 643 523 686 credidi'}
582 645 675 688 Sed
692 644 900 687 homines
926 658 1105 697 sumus,
1132 658 1219 688 nec
1245 645 1373 686 aliud

39 725 174 768 quam
184 713 376 770 fragiles
387 714 594 758 homines
613 730 783 769 sumus,
797 716 979 758 etiamsi
997 716 1153 771 angeli
1170 727 1198 756 a
1213 715 1370 757 multis

40 785 336 826 aestimamur
361 791 408 827 et
432 786 638 829 dicimur.
701 788 788 830 Cui
814 787 1020 838 credam,
1038 787 1261 838 Domine,
1281 788 1370 837 cui,

36 855 127 895 nisi
143 853 254 896 tibi'}
303 857 488 899 Veritas
508 871 571 910 es,
592 871 708 913 quae
726 871 819 899 non
835 857 977 908 fallis,
996 869 1082 898 nec
1098 856 1203 898 falli
1218 862 1369 911 potes.

37 925 97 965 Et
111 938 313 967 rursum:
348 928 504 969 Omnis
522 926 660 970 homo
680 928 892 980 mendaX,
907 929 1128 979 infirmus,
1138 927 1369 968 instabilis

40 1001 85 1036 et
100 996 252 1038 labilis
270 1000 468 1040 maxime
483 1000 531 1040 in
547 1000 715 1050 verbis,
733 1000 800 1040 ita
816 1004 867 1040 ut
883 1000 1038 1040 statim
1055 999 1133 1039 vix
1150 998 1275 1040 credi
1293 997 1368 1039 de-

36 1066 160 1117 beat,
174 1067 297 1122 quod
311 1073 488 1110 rectum
504 1070 551 1109 in
568 1069 690 1111 facie
708 1082 876 1111 sonare
893 1069 1088 1111 videtur.

120 1146 160 1186 4.
196 1147 344 1197 Quam
373 1147 625 1200 prudenter
654 1149 1013 1203 praemonuisti,
1061 1160 1234 1189 caven
1246 1148 1368 1189 dum

37 1218 102 1258 ab
134 1216 480 1269 hominibus,
509 1226 555 1258 et
587 1220 719 1273 quia
749 1219 973 1260 inimici
1003 1217 1246 1259 hominis
1280 1218 1367 1259 do-

34 1289 265 1330 mestici
311 1288 457 1342 ejus3
511 1301 597 1330 nec
631 1289 932 1340 credendum,
969 1289 1009 1330 si
1041 1290 1142 1343 quis
1175 1289 1365 1330 dixerit:

33 1359 180 1400 Ecce
220 1357 336 1409 hic,
378 1363 473 1399 aut
504 1371 638 1400 ecce
669 1360 825 1402 illic.·
867 1360 1046 1409 Doctus
1071 1372 1172 1399 sum
1197 1359 1363 1400 damno

34 1441 137 1470 meo
151 1459 163 1480 ‚
189 1433 235 1470 et
251 1429 426 1469 utinam
443 1429 503 1470 ad
521 1429 750 1471 cautelam
766 1431 991 1485 maJOrem
1010 1433 1057 1470 et
1071 1442 1163 1470 non
1181 1429 1240 1470 ad
1256 1430 1364 1470 insi-

32 1500 255 1554 pientiam
271 1498 398 1540 mihi.
448 1501 619 1542 Cautus
639 1505 755 1552 esto,
768 1502 835 1541 ait
852 1499 1051 1554 quidam,
1068 1506 1227 1541 cautus
1247 1504 1363 1550 esto,

34 1583 168 1612 serva
193 1569 315 1624 apud
329 1574 392 1622 te,
420 1570 543 1626 quod
561 1571 681 1613 dico.
741 1570 802 1610 Et
819 1569 925 1610 dum
952 1581 1038 1624 ego
1062 1570 1179 1611 sileo
1200 1574 1246 1610 et
1263 1570 1362 1611 abs-

36 1641 269 1682 conditum
287 1640 441 1692 cred0,
460 1655 546 1683 nec
561 1641 641 1683 ille
655 1640 794 1682 silere
805 1644 975 1694 potest,
996 1640 1119 1694 quod
1138 1640 1366 1681 silendum

33 1712 182 1766 petiit,
201 1710 284 1752 sed
300 1713 456 1752 statim
471 1712 628 1766 prodit
643 1724 716 1753 me
736 1715 783 1753 et
798 1723 863 1762 se,
877 1715 924 1753 et
940 1711 1067 1752 abiit.
1127 1712 1193 1752 Ab
1212 1709 1366 1764 hujus-

34 1783 161 1825 modi
177 1781 349 1824 fabulis
376 1786 421 1823 et
444 1783 641 1824 incautis
659 1781 920 1824 hominibus
937 1786 1133 1836 protege
1149 1794 1222 1822 me
1233 1811 1245 1831 ,
1271 1781 1366 1822 Do-

34 1855 170 1905 mine,
194 1866 252 1894 ne
267 1855 314 1894 in
330 1865 490 1894 manus
510 1866 669 1895 eorum
685 1853 908 1904 incidam,
934 1865 1021 1894 nec
1037 1864 1238 1906 unquam
1253 1851 1368 1891 talia

37 1925 333 1966 committam.
364 1923 568 1966 Verbum
579 1937 736 1966 verum
755 1929 801 1966 et
811 1923 976 1965 stabile
989 1923 1048 1963 da
1064 1923 1111 1962 in
1130 1934 1182 1963 os
1199 1934 1366 1970 meum,

38 2001 83 2036 et
99 1996 303 2050 linguam
321 1993 536 2035 callidam
552 1994 691 2049 longe
708 1994 785 2036 fac
803 2007 830 2035 a
845 2007 934 2036 me.
974 1992 1111 2045 Quod
1127 1993 1225 2047 pati
1241 1991 1367 2042 nolo,

38 2065 298 2106 omnimode
319 2076 482 2107 cavere
501 2064 664 2106 debeo.

119 2136 158 2176 5.
194 2136 231 2176 O
251 2148 386 2190 quam
402 2136 571 2175 bonum
592 2141 637 2176 et
652 2136 895 2189 pacificum
913 2135 970 2176 de
989 2133 1093 2175 aliis
1112 2134 1267 2184 silere,
1283 2145 1365 2174 nec

130 2276 165 2307 4.
191 2272 332 2308 Matth.
353 2277 408 2313 10,
429 2277 469 2307 1⁸1
489 2278 528 2308 et
543 2277 599 2309 36.
650 2274 708 2309 lb.
727 2279 782 2316 24,
801 2278 844 2310 23
869 2279 906 2310 et
931 2276 1048 2310 Marc.
1068 2277 1122 2314 13,
1141 2277 1198 2308 21.
