1530 2517
305 139 567 178 CHRISTI
623 139 732 176 [ΑΒ.
761 139 830 176 lv.
863 139 986 176 CAP.
1019 141 1057 177 1.
1263 137 1344 179 203

110 237 178 277 11.
214 237 250 278 Ο
270 235 551 278 admirabilis
571 239 618 277 ct
635 235 904 277 abscondita
921 237 1072 291 gratia
1089 247 1344 278 sacramen-

26 307 84 358 ti,
111 319 246 362 quam
262 311 430 348 norunt
444 311 619 347 tantum
637 304 807 348 Christi
824 306 983 349 fideles
995 337 1007 358 ,
1032 306 1242 348 infideles
1269 319 1346 347 au·

26 365 119 418 {tem
146 383 193 419 et
214 377 416 432 peccatis
441 377 693 418 servientes
715 377 911 431 experiri
930 390 1022 418 non
1038 376 1250 431 possunt!
1296 378 1348 419 In

26 467 27 474 1
60 460 115 489 oc
131 451 418 489 sacramento
438 446 673 488 confertur
690 447 941 501 spiritualis
960 449 1132 502 gratia,
1156 452 1202 489 et
1215 459 1347 502 repa-

22 522 154 558 ratur
169 518 217 558 in
234 518 385 558 anima
401 518 543 558 virtus
562 518 751 568 amissa,
779 521 826 558 et
839 530 924 571 per
938 523 1177 572 peccatum
1195 517 1346 559 defor-

26 592 151 628 mata
172 587 296 629 redit
318 585 624 641 pulchritudo.
685 588 836 628 Tanta
866 592 936 629 est
960 588 1206 643 aliquando
1232 587 1348 630 haec

27 657 193 712 gratia,
210 662 261 698 ut
278 669 334 699 ex
350 656 630 711 plenitudine
650 656 848 698 collatae
867 657 1123 700 devotionis
1141 671 1232 699 non
1251 663 1347 699 tan-

26 733 122 768 tum
145 740 294 779 mens,
321 727 403 769 sed
430 731 475 769 et
498 727 649 769 debile
672 739 837 782 corpus
855 728 976 770 vires
994 729 1082 771 sibi
1097 729 1346 784 praestitas

28 798 199 840 sentiat
215 797 476 852 ampliores.

109 869 178 908 12.
209 868 470 910 Dolendum
485 873 640 909 tamen
655 866 790 910 valde
816 872 862 910 et
884 868 1192 911 miserandum
1210 882 1347 923 super

25 937 265 992 tepiditate
286 942 332 980 et
347 938 630 993 negligentia
645 942 826 990 nostra,
848 939 971 994 quod
987 952 1079 980 non
1094 940 1260 994 majori
1279 938 1345 980 af-

24 1005 227 1048 fectione
259 1006 482 1049 trahimur
513 1008 572 1049 ad
596 1006 826 1050 Christum
858 1009 1141 1061 sumendum,
1173 1010 1220 1050 in
1254 1022 1343 1064 quo

22 1081 123 1118 tota
154 1089 259 1131 spes
292 1077 614 1119 salvandorum
646 1078 856 1119 consistit
887 1083 934 1120 et
955 1080 1182 1121 meritum.
1240 1080 1344 1134 lpse

26 1148 144 1190 enim
164 1152 234 1189 est
250 1148 551 1190 sanctificatio
570 1153 731 1189 nostra
749 1153 795 1190 et
808 1148 1058 1191 redemtio·
1048 1150 1170 1204 ,ipse
1182 1162 1343 1192 conso·

5 1217 136 1261 latio
154 1219 381 1259 viatorum
400 1223 446 1260 et
462 1223 723 1260 sanctorum
741 1223 930 1261 aeterna
947 1219 1123 1261 fruitio.
1172 1220 1344 1262 Dolen-

0 1283 4 1338 β
25 1288 131 1329 dum
148 1289 304 1343 itaque
321 1288 477 1339 valde,
501 1288 622 1343 quod
637 1288 766 1330 multi
783 1294 876 1330 tam
894 1302 1053 1344 parum
1070 1288 1159 1332 hoc
1174 1290 1343 1332 saluta-

0 1371 75 1402 vre
105 1359 377 1413 mysterium
409 1357 671 1410 advertunt,
699 1359 822 1414 quod
848 1359 1026 1401 coelum
1052 1360 1276 1403 laetificat
1301 1366 1347 1403 et

23 1428 239 1470 mundum
258 1432 499 1469 conservat
514 1429 788 1470 universum.
847 1430 954 1471 Heu
980 1432 1178 1473 caecitas
1205 1437 1251 1473 et
1267 1432 1345 1473 du-

0 1496 3 1561 l
23 1497 302 1541 ritia‘cordis
320 1497 523 1550 humani,
539 1502 633 1539 tam
653 1497 889 1541 ineffabile
908 1499 1075 1541 donum
1090 1514 1183 1542 non
1199 1503 1347 1556 magis

27 1570 279 1620 attendere,
301 1574 347 1611 et
363 1580 421 1610 ex
438 1569 705 1624 quotidiano
724 1582 809 1610 usu
828 1571 967 1611 etiam
985 1570 1044 1612 ad
1059 1572 1347 1614 inadverten-

24 1641 136 1683 tiam
154 1637 378 1681 defluere!

111 1711 179 1752 13.
213 1710 263 1753 Si
295 1711 414 1752 enim
445 1708 534 1752 hoc
568 1710 903 1751 sanctissimum
936 1717 1270 1754 sacramentum
1301 1714 1348 1754 in

26 1795 118 1824 uno
136 1787 311 1823 tantum
330 1781 641 1823 celebraretur
656 1780 760 1823 loco
790 1785 836 1822 et
860 1781 916 1822 ab
942 1795 1031 1823 uno
1050 1788 1225 1824 tantum
1243 1796 1347 1824 con-

28 1857 289 1894 secraretur
314 1851 556 1893 sacerdote
581 1851 626 1891 in
651 1850 841 1892 mundo:
877 1856 1044 1906 quanto
1070 1858 1205 1907 putas
1231 1852 1348 1894 desi-

29 1923 158 1965 derio
193 1922 252 1963 ad
281 1921 410 1963 illum
441 1920 592 1962 locum
626 1926 671 1962 et
703 1921 761 1962 ad
784 1922 925 1964 talem
945 1923 1033 1964 Dei
1059 1922 1345 1964 sacerdotem

27 1991 235 2034 homines
268 1991 580 2042 afficerentur,
613 1996 664 2033 ut
687 1991 840 2033 divina
870 1993 1093 2047 mysteria
1122 1992 1345 2034 celebrari

54 2060 261 2104 iderent‘}
318 2061 449 2104 Nunc
473 2067 625 2103 autem
649 2062 780 2103 multi
804 2061 917 2104 facti
941 2067 1046 2103 sunt
1062 2062 1344 2112 sacerdotes,

95 2133 143 2173 in
166 2132 320 2173 multis
345 2132 460 2173 locis
485 2130 678 2173 offertur
703 2131 933 2184 Christus,
965 2136 1017 2174 ut
1038 2137 1167 2173 tanto
1196 2133 1345 2186 major

57 2207 249 2256 ppareat
264 2203 415 2257 gratia
433 2207 478 2243 et
496 2201 681 2243 dilectio
699 2203 804 2244 Dei·
816 2202 875 2243 ad
892 2201 1144 2253 hominem,
1174 2208 1343 2257 quanto

48 2273 166 2313 atius
193 2278 263 2314 est
286 2284 419 2314 sacra
439 2273 694 2314 communio
715 2271 883 2315 diffusa
898 2284 981 2327 per
999 2273 1170 2314 orbem.
1233 2272 1344 2315 Gra·
