1530 2517
265 103 528 141 CHRISTI
585 103 695 139 LIB.
726 104 794 139 111.
830 104 949 140 CAP.
983 105 1047 141 31.
1068 107 1133 143 32.
1283 106 1364 148 139

35 214 55 241 s
67 214 96 242 u
108 212 211 252 am,
243 205 288 242 et
303 201 409 242 ideo
429 201 708 256 sequebatur
725 199 943 241 diluvium
960 213 1189 256 magnum.
1251 205 1364 245 Cum

37 283 148 326 ergo
175 271 369 313 interior
402 270 596 313 affectus
621 275 781 312 noster
803 271 995 311 multum
1021 278 1262 328 corruptus
1288 277 1362 327 sit,

34 354 224 383 necesse
244 345 326 392 est,
337 346 388 382 ut
406 342 526 383 actio
546 354 757 397 sequens,
768 341 907 383 index
926 344 1158 385 carentiae
1174 344 1363 386 interio-

32 412 97 453 ris
122 412 319 467 vigoris,
354 416 686 466 corrumpatur.
746 412 817 453 Ex
843 425 958 466 puro
988 413 1126 455 corde
1152 416 1364 468 procedit

33 481 209 524 fructus
224 483 376 523 bonae
392 483 531 524 vitae.

116 552 156 593 5.
191 552 422 602 Quantum
440 554 540 608 quis
558 552 736 604 fecerit,
756 553 1013 607 quaeritur3
1046 554 1128 595 sed
1147 566 1203 595 ex
1222 567 1361 609 quan-

31 628 81 664 ta
96 623 265 664 virtute
284 624 394 678 agit,
413 637 505 665 non
521 628 616 665 tam
634 623 841 665 studiose
859 628 1094 677 pensatur.
1155 624 1203 666 Si
1221 624 1362 667 fuerit

29 692 180 744 fortis,
201 692 342 744 dives,
361 693 564 748 pulcher,
583 693 764 745 habilis,
782 694 858 735 vel
872 695 1019 735 bonus
1037 695 1249 749 scriptor,
1274 696 1356 737 bo-

29 777 113 805 nus
133 768 306 815 cantor,
325 764 472 806 bonus
490 765 731 806 laborator
745 765 1073 819 investigatum
1096 777 1229 820 quam
1247 779 1361 819 pau-

28 847 113 889 per
129 835 190 876 sit
205 835 382 888 spiritu,
396 848 530 890 quam
542 836 721 889 patiens
741 839 787 876 et
801 836 939 886 mitis,
953 847 1088 889 quam
1101 835 1293 876 devotus
1313 841 1359 877 et

29 905 235 946 internus
251 904 442 946 amultis
458 910 653 947 tacetur.
712 905 892 947 Natura
910 905 1143 947 exteriora
1159 903 1357 947 hominis

30 975 234 1028 respicit,
245 976 396 1029 gratia
411 975 470 1015 ad
486 976 710 1017 interiora
721 988 771 1017 se
784 977 1023 1017 convertit.
1055 976 1141 1017 Illa
1151 975 1363 1032 frequen-

31 1050 106 1086 ter
123 1043 313 1097 fallitur,
331 1046 423 1087 ista
439 1046 484 1086 in
501 1046 604 1088 Deo
624 1050 794 1101 sperat,
814 1050 864 1087 ut
882 1058 974 1088 non
992 1045 1261 1101 decipiatur.

540 1263 868 1287 “ogo—„Q

408 1487 558 1535 CAP
573 1484 677 1533 UT
734 1487 980 1535 XXXII.

165 1602 236 1645 De
268 1601 564 1658 abnegatione
595 1600 666 1642 sui
696 1609 741 1644 et
769 1603 1049 1645 abdicatione
1082 1599 1219 1645 omnis

558 1672 825 1727 cupiditatis.

109 1822 148 1861 1.
180 1801 303 1872 Fili,
335 1834 428 1863 non
451 1826 584 1876 potes
609 1820 864 1876 perfectam
893 1823 1134 1876 possidere
1167 1823 1350 1864 liberta-

24 1895 135 1942 tem,
161 1891 251 1932 nisi
266 1892 474 1933 totaliter
492 1893 692 1947 abneges
709 1896 852 1934 temet
867 1894 1029 1947 ipsum.
1091 1894 1350 1947 Compediti

22 1965 129 2002 sunt
146 1974 303 2003 omnes
313 1963 608 2016 proprietarii
625 1967 671 2004 et
680 1963 752 2003 sui
767 1963 910 2017 ipsius
922 1967 1167 2014 amatores,
1181 1962 1349 2017 cupidi,

26 2033 220 2083 curiosi,
247 2034 497 2087 gyrovagi,
524 2037 799 2087 quaerentes
831 2046 1013 2088 semper
1042 2033 1225 2084 mollia,
1258 2045 1350 2073 non

25 2113 144 2156 quae
160 2102 272 2144 Jesu
290 2101 474 2152 Christi,
499 2102 581 2143 sed
598 2101 687 2143 hoc
703 2115 843 2157 saepe
860 2104 1084 2157 fingentes
1104 2108 1150 2145 et
1166 2115 1349 2157 compo-

25 2177 184 2214 nentes
197 2203 208 2223 ,
238 2173 360 2227 quod
378 2185 468 2213 non
486 2173 639 2213 stabit.
698 2172 875 2214 Peribit
894 2174 1012 2214 enim
1029 2178 1200 2224 totum,
1228 2171 1351 2227 quod

25 2256 114 2284 non
134 2248 203 2285 est
221 2256 277 2285 ex
291 2245 394 2286 Deo
415 2247 578 2284 ortum.
624 2244 752 2284 Tene
769 2244 907 2285 breve
927 2249 972 2285 et
989 2251 1348 2285 consummatum
