1530 2517
278 110 539 147 CHRISTI
596 109 706 145 Lm.
736 109 794 146 11.
828 110 947 146 CAl’.
981 109 1130 145 3.4.5.
1316 105 1369 146 59

39 209 84 248 in
111 212 264 263 ignem
291 207 457 247 amittit
478 205 738 260 rubiginem
764 209 810 246 et
833 209 979 245 totum
1006 204 1204 245 candens
1232 202 1370 243 effici-

40 283 136 319 tur:
164 279 232 319 sic
255 276 391 318 homo
418 277 598 330 integre
626 275 685 316 ad
700 276 850 317 Deum
867 288 916 316 se
945 279 1213 316 convertens
1233 285 1259 313 a
1278 278 1369 314 tor-

41 359 155 401 pore
175 347 370 396 exuitur,
391 351 437 388 et
452 347 498 387 in
515 358 681 387 novum
699 344 929 387 hominem
946 348 1290 385 transmutatur.

125 417 164 458 3.
200 416 393 467 Quando
422 415 559 457 homo
585 416 748 469 incipit
771 421 1032 469 tepescere,
1056 420 1165 454 tunc
1181 424 1370 466 parvum

42 487 205 528 metuit
222 487 431 528 laborem
450 492 496 527 et
511 486 708 527 libenter
726 490 960 526 externam
979 485 1145 537 accipit
1163 482 1372 523 consola-

43 558 231 598 tionem.
294 556 386 599 Sed
420 556 600 611 quando
628 555 832 610 perfecte
857 554 1018 608 incipit
1042 567 1091 595 se
1117 554 1299 594 vincere
1327 556 1373 593 et

42 628 239 669 viriliter
254 627 302 668 in
318 628 394 667 via
409 627 499 668 Dei
519 626 753 667 ambulare
765 656 776 676 ‚
802 630 911 665 tunc
926 625 1074 666 minus
1102 636 1156 665 ea
1171 626 1369 677 reputat,

45 711 161 753 quae
181 698 266 740 sibi
285 697 411 753 prius
430 698 590 753 gravia
609 709 709 738 esse
728 695 969 737 sentiebat.

552 928 868 950 “QG-“⁶—

518 1136 776 1183 CAPUT
838 1134 909 1180 V.

367 1250 437 1292 De
465 1250 655 1305 propria
689 1248 1054 1291 consideratione.

137 1402 176 1442 1.
208 1381 326 1441 Non
344 1410 584 1452 possumus
603 1397 735 1438 nobis
754 1397 865 1450 ipsis
884 1397 1016 1438 nimis
1035 1394 1246 1445 credere,
1274 1393 1381 1447 quia

53 1483 193 1524 saepe
212 1470 363 1524 gratia
380 1469 513 1509 nobis
532 1469 664 1510 deest
682 1473 728 1509 et
744 1480 918 1509 sensus.
978 1466 1214 1508 Modicum
1231 1465 1382 1505 lumen

54 1542 187 1584 estin
205 1540 359 1589 nobis,
388 1544 434 1580 et
458 1538 547 1581 hoc
565 1540 654 1580 cito
675 1551 757 1592 per
774 1538 1102 1592 negligentiam
1121 1535 1382 1576 amittimus.

55 1612 205 1665 Saepe
225 1611 363 1652 etiam
388 1622 480 1651 non
507 1608 808 1659 advertimus,
845 1608 963 1663 quod
993 1612 1085 1648 tam
1112 1605 1239 1647 caeci
1261 1605 1381 1644 intus

55 1695 225 1723 sumus,
286 1680 436 1733 Saepe
469 1679 589 1720 male
627 1679 819 1733 agimus,
856 1684 901 1720 et
931 1678 1062 1732 pejus
1096 1687 1380 1718 excusamus.

55 1752 280 1793 Passione
319 1749 549 1791 interdum
587 1761 846 1800 movemur,
888 1755 935 1790 et
971 1748 1121 1789 zelum
1154 1750 1380 1800 putamus.

56 1822 206 1864 Parva
221 1821 268 1861 in
287 1820 389 1861 aliis
413 1817 791 1873 reprehendimus
803 1849 815 1870 ‚
844 1824 889 1860 et
905 1823 1064 1860 nostra
1086 1817 1266 1870 majora
1281 1827 1382 1869 per-

57 1892 319 1933 transimus.
380 1889 503 1933 Satis
522 1890 612 1931 cito
631 1889 852 1931 sentimus
872 1893 917 1929 et
932 1888 1256 1942 ponderamus,
1275 1883 1385 1939 quid

60 1964 116 2004 ab
136 1963 238 2003 aliis
257 1961 554 2010 sustinemus,
581 1958 662 2001 sed
688 1964 905 2015 quantum
922 1958 1003 1999 alii
1020 1957 1076 1999 de
1100 1957 1234 1998 nobis
1252 1955 1386 1997 susti-

59 2038 183 2084 nent,
201 2044 292 2073 non
311 2031 604 2073 advertimus.
668 2030 756 2080 Qui
772 2030 889 2071 bene
909 2033 954 2070 et
968 2032 1097 2070 recte
1115 2039 1198 2068 sua
1214 2024 1385 2080 ponde-

59 2109 200 2154 raret,
220 2115 310 2142 non
330 2106 466 2151 esset,
487 2100 608 2155 quod
628 2100 684 2141 de
704 2100 795 2140 alio
815 2099 1019 2154 graviter
1031 2097 1277 2152 judicaret.

145 2175 186 2214 2.
217 2174 424 2215 Internus
442 2169 579 2211 homo
606 2170 673 2210 sui
699 2169 843 2223 ipsius
870 2181 1024 2209 curam
1043 2167 1250 2208 omnibus
1269 2164 1389 2206 curis

65 2244 315 2298 anteponit,
336 2248 381 2284 et
399 2242 476 2297 qui
493 2241 576 2282 sibi
598 2241 683 2295 ipsi
703 2240 948 2294 diligenter
963 2237 1171 2288 intendit,
1190 2235 1390 2282 faciliter
