1530 2517
301 103 565 142 CHRISTI
619 103 730 139 [ΑΒ.
759 102 829 140 IV.
862 102 987 139 CAP.
1019 102 1086 141 18.
1277 99 1359 141 243

118 203 157 243 3.
193 201 388 252 Quidam
399 199 602 254 graviter
612 202 847 240 tentantur
857 197 913 239 de
930 197 1019 239 fide
1040 202 1085 240 et
1101 210 1358 240 sacramen-

34 278 103 323 to;
130 272 212 314 sed
228 284 319 312 non
339 274 408 311 est
425 268 512 310 hoc
528 269 640 322 ipsis
657 268 986 322 imputandum,
1006 268 1087 310 sed
1103 269 1257 323 potius
1275 269 1358 309 ini-

32 343 166 383 mico.
197 341 307 383 Noli
325 339 606 390 curare‚noli
626 338 860 392 disputare
880 352 980 380 cum
999 339 1357 393 cogitationibus

33 412 139 462 tuis,
167 424 251 452 nec
269 411 327 451 ad
342 410 569 451 immissas
589 421 615 448 a
633 408 819 449 diabolo
840 408 1150 450 dubitationes
1166 422 1356 463 respon-

35 481 112 532 de,
139 481 222 522 sed
247 480 382 522 crede
408 480 560 521 verbis
577 479 689 529 Dei,
710 479 845 520 crede
865 478 1044 521 Sanctis
1065 479 1163 532 ejus
1183 484 1229 521 et
1244 479 1357 520 Pro-

32 549 182 606 phetis
195 582 206 601 ‚
235 556 280 592 et
296 550 445 604 fugiet
470 562 496 590 a
511 554 558 591 te
575 562 772 604 nequam
788 550 1013 590 inimicus.
1077 549 1226 604 Saepe
1243 550 1356 590 mul-

33 626 126 662 tum
152 621 361 675 prodest,
396 619 519 676 quod
543 619 656 660 talia
681 621 876 660 sustinet
891 620 982 661 Dei
1005 633 1180 662 servus.
1238 620 1358 663 Nam

32 693 241 734 infideles
268 697 313 733 et
334 695 603 745 peccatores
628 703 719 731 non
743 695 910 742 tentat,
937 704 1051 745 quos
1077 703 1238 733 secure
1260 691 1357 745 jam

32 762 259 816 possidet3
293 761 453 803 fideles
480 766 633 802 autem
658 760 850 802 devotos
869 762 1010 802 variis
1034 761 1183 802 modis
1209 766 1357 802 tentat

34 838 79 873 et
94 837 244 873 vexat.

114 902 153 942 4.
187 902 336 956 Perge
361 913 472 956 ergo
498 914 598 942 cum
617 901 814 954 simplici
832 906 878 942 et
893 900 1152 943 indubitata
1168 902 1281 953 fide,
1311 907 1357 943 et

32 985 129 1013 cum
149 973 342 1026 supplici
358 972 619 1013 reverentia
637 971 696 1012 ad
713 975 1049 1012 sacramentum
1068 972 1252 1014 accede.
1296 973 1356 1013 Et

32 1042 252 1097 quidquid
274 1042 535 1097 intelligere
559 1054 652 1082 non
676 1041 824 1092 vales,
841 1042 944 1083 Deo
965 1042 1268 1096 omnipotenti
1285 1055 1354 1083 se-

32 1124 137 1153 cure
156 1113 403 1154 committe.
463 1111 566 1153 Non
585 1110 708 1151 fallit
722 1116 768 1152 te
784 1112 935 1163 Deus;
962 1111 1153 1163 fallitur,
1174 1113 1250 1166 qui
1267 1113 1357 1153 sibi

30 1181 120 1234 ipsi
135 1182 323 1221 nimium
341 1181 502 1222 credit.
564 1181 918 1223 GraditurDeus
938 1195 1038 1223 cum
1055 1182 1354 1236 simplicibus,

29 1251 207 1292 revelat
222 1264 272 1292 se
290 1250 549 1301 humilibus,
569 1251 649 1292 dat
663 1251 946 1293 intellectum
963 1252 1188 1306 parvulis,
1208 1253 1358 1307 aperit

31 1333 214 1362 sensum
231 1322 356 1375 puris
373 1323 600 1363 mentibus
628 1326 674 1362 et
691 1322 931 1363 abscondit
946 1322 1143 1377 gratiam
1162 1323 1356 1364 curiosis

34 1396 80 1432 et
95 1392 318 1445 superbis.
363 1392 500 1433 Ratio
520 1390 718 1432 humana
736 1392 900 1433 debilis
919 1396 989 1434 est
1007 1397 1053 1434 et
1067 1391 1170 1434 falli
1185 1398 1356 1447 potest,

34 1461 146 1502 fide‘s
165 1466 316 1502 autem
333 1474 443 1503 vera
459 1461 561 1502 falli
576 1475 668 1503 non
685 1466 853 1516 potest.

116 1531 156 1571 5.
191 1531 348 1573 Omnis
362 1533 482 1573 ratio
512 1537 558 1574 et
580 1533 802 1574 naturalis
819 1533 1114 1588 investigatio
1133 1533 1270 1574 fidem
1287 1547 1358 1575 se-

34 1602 110 1655 qui
128 1600 278 1652 debet,
297 1614 388 1642 non
404 1603 684 1656 praecedere
702 1616 787 1645 nec
800 1602 1069 1657 infringere.
1106 1604 1224 1645 Nam
1241 1605 1356 1646 fides

36 1676 80 1711 et
99 1683 227 1712 amor
241 1672 307 1713 ibi
324 1673 519 1714 maxime
536 1673 842 1728 praecellunt,
872 1678 918 1715 et
935 1675 1126 1715 occultis
1143 1675 1293 1716 modis
1310 1676 1357 1715 in

32 1739 121 1782 hoc
146 1743 433 1783 sanctissimo
461 1748 506 1784 et
522 1744 1047 1798 superexcellentissimo
1067 1750 1354 1786 sacramento

34 1816 295 1864 operantur.
354 1813 481 1854 Deus
500 1818 712 1855 aeternus
733 1819 778 1855 et
792 1815 1040 1855 immensus
1059 1815 1357 1870 infinitaeque

31 1882 267 1934 potentiae
291 1880 404 1923 facit
426 1896 594 1938 magna
620 1889 665 1925 et
687 1884 1006 1925 inscrutabilia
1029 1886 1076 1925 in
1095 1885 1226 1926 coelo
1248 1890 1294 1926 et
1309 1886 1355 1925 in

31 1956 179 2000 terra,
205 1964 291 1992 nec
316 1957 386 1992 est
408 1953 702 2007 investigatio
728 1955 1005 1995 mirabilium
1032 1967 1219 2008 operum
1239 1955 1352 2009 ejus.

31 2018 80 2060 Si
96 2020 211 2061 talia
230 2025 384 2062 essent
401 2023 654 2076 operaDei‚
666 2028 717 2064 ut
732 2023 872 2065 facile
892 2024 947 2065 ab
959 2022 1157 2064 humana
1171 2025 1353 2066 ratione

31 2096 323 2143 caperentur,
352 2105 443 2134 non
470 2098 624 2135 essent
647 2094 878 2134 mirabilia
902 2107 986 2135 nec
1011 2092 1267 2135 ineffabilia
1287 2094 1350 2135 di·

30 2159 187 2200 cenda.

525 2242 852 2272 ffl‘ffl·
