1530 2517
148 122 200 163 94
546 124 630 160 DE
668 124 1069 162 IMITATIONE

145 220 334 261 ditatem
374 232 455 261 seu
488 220 767 262 anxietatem
805 221 994 271 mentis,
1040 230 1175 276 quam
1214 219 1355 262 sentis
1368 253 1380 272 ,
1421 226 1466 264 te

142 289 351 330 totaliter
381 289 606 344 negligas.

223 368 265 406 2.
295 366 433 407 Multi
451 368 570 408 enim
587 372 706 419 sunt,
727 368 818 423 qui,
842 381 942 409 cum
958 381 1050 410 non
1065 368 1184 410 bene
1203 370 1268 410 eis
1287 382 1465 411 succes·
1528 412 1530 415 ,

139 436 274 486 serit,
308 437 463 476 statim
493 438 786 491 impatientes
818 438 932 479 fiunt
963 442 1042 479 aut
1073 438 1272 480 desides.
1345 438 1425 482 No
1438 453 1464 479 n

140 506 260 546 enim
282 519 464 560 semper
496 512 582 548 est
610 508 658 548 in
680 512 913 562 potestate
938 507 1178 550 hominis
1202 510 1293 550 via
1318 509 1463 563 ejus,

137 575 322 617 sedDei
340 582 410 617 est
427 576 536 618 dare
555 581 602 619 et
619 578 865 629 consolari,
878 579 1059 634 quando
1073 578 1170 621 vult
1186 583 1233 620 et
1249 583 1465 634 quantum

137 646 236 687 vult
253 651 299 688 et
321 648 395 688 cui
410 647 529 698 vult,
554 648 674 689 sicut
690 648 779 689 sibi
794 648 1043 702 placuerit,
1070 653 1116 690 et
1137 662 1230 691 non
1253 649 1462 703 amplius.

139 715 337 766 Quidam
359 718 533 759 incauti
550 723 740 772 propter
764 719 1023 761 devotionis
1048 720 1246 774 gratiam
1270 731 1320 760 se
1337 720 1464 773 ipsos

138 786 475 838 destruxerunt,
489 789 595 842 quia
611 789 712 842 plus
732 802 871 844 agere
887 790 1145 840 voluerunt,
1159 802 1292 844 quam
1304 794 1464 843 potue-

135 862 262 908 runt,
289 870 381 898 non
405 864 651 911 pensantes
677 872 788 901 suae
811 860 1051 913 parvitatis
1075 872 1355 910 mensuram,
1383 858 1465 900 sed

136 929 284 982 magis
304 928 456 969 cordis
476 927 693 970 affectum
709 935 969 984 sequentes,
983 942 1119 984 quam
1136 930 1330 970 rationis
1344 929 1463 983 judi·

139 1000 271 1040 cium.
330 1000 391 1039 Et
423 1000 530 1053 quia
561 1000 741 1053 majora
771 1005 1169 1054 praesumserunt,
1203 1011 1338 1053 quam
1359 999 1463 1040 Deo

136 1067 355 1122 placitum
373 1068 474 1120 fuit,
493 1068 665 1110 idcirco
684 1072 883 1124 gratiam
902 1072 990 1112 cito
1006 1069 1319 1124 perdiderunt.
1378 1068 1465 1109 Fa-

140 1140 201 1179 cti
225 1145 330 1179 sunt
352 1139 515 1193 inopes
543 1145 589 1181 et
611 1140 726 1181 viles
743 1141 919 1192 relicti,
948 1141 1025 1195 qui
1040 1141 1087 1180 in
1106 1138 1285 1180 eoelum
1301 1150 1464 1192 posue*

135 1214 243 1249 runt
258 1209 414 1249 nidum
432 1210 520 1250 sibi
530 1240 543 1260 ,
576 1214 628 1251 ut
646 1207 875 1252 humiliati
898 1215 944 1252 et
969 1208 1272 1264 depauperati
1290 1208 1467 1249 discant

138 1290 230 1318 non
247 1279 294 1317 in
313 1277 397 1318 alis
416 1280 509 1320 suis
528 1280 709 1331 volare,
737 1282 820 1322 sed
843 1281 925 1322 sub
943 1280 1104 1334 pennis
1129 1278 1244 1319 meis
1262 1290 1465 1332 sperare.

141 1347 231 1397 Qui
256 1346 404 1389 adhuc
427 1350 531 1390 novi
559 1356 664 1391 sunt
689 1356 734 1392 et
756 1351 959 1405 imperiti
981 1351 1028 1391 in
1051 1349 1127 1390 via
1142 1349 1353 1400 Domini,
1378 1348 1468 1389 nisi

138 1419 332 1459 consilio
354 1419 657 1461 discretorum
684 1434 734 1462 se
759 1426 949 1476 regant,
976 1419 1179 1462 faciliter
1196 1419 1347 1473 decipi
1362 1431 1466 1473 pos-

136 1493 242 1529 sunt
259 1493 305 1530 et
323 1489 446 1530 elidi.

220 1558 260 1599 3.
295 1558 431 1608 Quod
456 1560 496 1601 si
520 1573 651 1601 suum
669 1561 840 1601 sentire
857 1561 1005 1615 magis
1026 1561 1181 1616 sequi,
1208 1572 1343 1614 quam
1361 1560 1464 1601 aliis

137 1629 400 1670 exercitatis
420 1630 792 1681 crederevolunt‚
806 1631 893 1671 erit
911 1632 977 1672 eis
993 1630 1281 1685 periculosus
1301 1631 1463 1682 exitus,

133 1698 175 1738 si
190 1702 345 1738 tamen
360 1698 538 1740 retrahi
555 1713 582 1740 a
599 1701 787 1753 proprio
808 1705 1032 1754 conceptu
1048 1700 1295 1742 noluerint.
1337 1701 1461 1742 Raro

134 1768 222 1808 sibi
245 1768 358 1821 ipsis
385 1771 617 1824 sapientes
645 1771 701 1811 ab
721 1770 824 1811 aliis
840 1771 944 1824 regi
961 1769 1197 1812 humiliter
1211 1771 1458 1825 patiuntur.

131 1836 301 1878 Melius
330 1844 399 1879 est
423 1852 587 1894 sapere
604 1840 835 1896 modicum
860 1853 960 1882 cum
976 1838 1234 1882 humilitate
1259 1831 1305 1882 et
1318 1852 1461 1894 parva

131 1906 462 1961 intelligentia,
491 1923 625 1964 quam
649 1911 804 1964 magni
827 1910 1120 1951 scientiarum
1136 1909 1342 1952 thesauri
1359 1923 1459 1951 cum

131 1988 251 2017 vana
279 1979 627 2032 complacentia.
687 1979 856 2021 Melius
891 1985 961 2021 est
989 1981 1073 2022 tibi
1097 1981 1244 2022 minus
1270 1978 1457 2030 habere,

135 2059 269 2100 quam
285 2048 477 2090 multum
493 2050 614 2091 unde
632 2062 793 2104 posses
812 2051 1064 2104 superbire.
1117 2049 1221 2092 Non
1239 2050 1352 2090 satis
1370 2049 1458 2090 dis-

134 2122 257 2157 crete
284 2119 399 2172 agit,
420 2120 496 2173 qui
522 2133 570 2161 se
596 2125 742 2160 totum
769 2120 975 2161 laetitiae
1000 2119 1161 2171 tradit,
1186 2119 1458 2161 obliviscens

225 2258 257 2288 2.
285 2256 424 2291 Jerem.
447 2261 500 2299 10,
520 2262 576 2292 23.
