1530 2517
144 127 196 168 62
557 129 639 165 DE
678 126 1079 164 IMITATIONE

141 229 213 266 sat
228 225 520 265 intentiones.
581 225 707 265 Bene
734 236 914 276 semper
936 235 1075 277 agere
1102 227 1148 264 et
1163 221 1392 262 modicum
1409 220 1465 262 de

142 308 191 335 se
216 299 373 334 tenere
399 292 581 333 humilis
610 294 787 334 animae
813 293 1029 334 indicium
1057 297 1139 334 est.
1199 291 1336 332 Nolle
1363 303 1467 332 con-

144 364 287 404 solari
305 363 360 403 ab
380 362 534 417 aliqua
552 367 763 403 creatura
771 375 965 417 magnae
975 362 1187 416 puritatis
1201 365 1246 403 et
1260 361 1467 401 internae

144 432 340 473 fiduciae
359 433 539 487 signum
559 437 642 472 est.

227 502 268 542 4.
303 502 393 552 Qui
423 502 596 549 nullum
637 503 919 545 extrinsecus
959 514 1042 555 pro
1077 514 1127 543 se
1158 501 1471 542 testimonium

149 573 341 627 quaerit,
353 572 499 626 liquet
516 572 639 627 quod
654 573 862 615 totaliter
878 585 926 613 se
936 572 1039 613 Deo
1053 572 1293 613 commisit.
1352 569 1394 610 N
1407 582 1432 609 o
1446 583 1471 608 n

149 643 313 692 enim,
355 643 536 696 quise
577 643 756 696 ipsum
799 642 1171 692 commendat,
1212 640 1314 681 ille
1346 652 1472 693 pro-

147 713 313 752 batus
364 716 470 763 est,
537 713 602 752 ait
646 712 699 753 B.
734 712 928 764 Paulus,
977 712 1073 753 sed
1121 723 1278 765 quem
1321 710 1472 751 Deus

151 795 175 822 c
187 794 211 822 o
223 794 266 821 m
276 794 321 821 m
333 794 356 822 e
366 795 395 821 n
406 781 434 822 d
446 786 511 822 at.
563 782 807 823 Ambulare
827 782 1037 823 cumDeo
1055 781 1176 822 intus
1187 812 1199 832 ,
1218 793 1302 821 nec
1321 780 1474 833 aliqua

152 850 397 893 affectione
414 852 560 899 teneri
579 851 692 893 foris
711 856 857 899 status
876 856 946 893 est
960 852 1127 893 interni
1143 850 1353 898 hominis„

591 1280 853 1327 CAPUT
914 1281 1042 1326 VII.

443 1380 514 1422 De
545 1393 695 1421 amore
728 1379 834 1420 Jesu
865 1394 993 1434 super
1027 1381 1185 1420 omniu.

237 1519 277 1559 1.
309 1499 511 1565 Beatus,
532 1514 609 1568 qui
631 1514 862 1568 intelligit,
883 1514 991 1568 quid
1008 1515 1068 1555 sit
1092 1527 1245 1555 amare
1262 1514 1416 1554 Jesum
1437 1519 1483 1553 et

158 1593 449 1630 contemnere
481 1599 530 1628 se
561 1587 710 1640 ipsum
740 1594 929 1641 propter
958 1588 1127 1628 Jesum.
1191 1588 1386 1640 Oportet
1417 1585 1481 1625 di-

156 1660 324 1700 lectum
346 1670 430 1712 pro
459 1656 626 1697 dilecto
651 1657 935 1710 relinquere,
963 1657 1069 1711 quia
1084 1657 1217 1697 Jesus
1234 1656 1332 1696 vult
1355 1654 1481 1696 solus

159 1741 295 1782 super
314 1727 466 1768 omnia
484 1727 641 1767 amari.
699 1726 901 1783 Dilectio
929 1731 1167 1768 creaturae
1194 1725 1339 1766 fallax
1357 1729 1402 1766 et
1417 1725 1482 1764 in-

159 1798 359 1847 stabilis,
387 1796 573 1836 dilectio
599 1795 710 1836 Jesu
727 1796 875 1837 fidelis
904 1800 949 1837 et
964 1795 1333 1849 perseverabilis.
1395 1794 1483 1844 Qui

160 1866 381 1908 adhaeret
397 1870 649 1916 creaturae,
671 1866 805 1907 cadet
821 1879 921 1906 cum
938 1866 1067 1907 labili
1079 1880 1089 1917 3
1103 1867 1176 1920 qui
1197 1865 1484 1919 amplectitur

158 1939 327 1987 Jesum‚
361 1937 617 1977 firmabitur
638 1937 685 1975 in
711 1948 886 1976 aevum.
944 1936 1078 1976 Illum
1111 1937 1274 1990 dilige,
1311 1939 1357 1976 et
1374 1935 1482 1974 ami-

163 2020 264 2048 cum
279 2007 365 2047 tibi
379 2007 527 2047 retine
539 2036 550 2057 ,
579 2007 655 2060 qui
674 2006 881 2046 omnibus
902 2006 1223 2047 recedentibus
1241 2010 1287 2046 te
1305 2017 1396 2045 non
1411 2016 1482 2045 re-

157 2077 355 2131 linquet,
394 2090 479 2118 nec
511 2077 709 2130 patietur
738 2077 784 2115 in
816 2077 904 2117 fine
935 2077 1102 2129 perire.
1176 2075 1241 2116 Ab
1276 2075 1482 2115 omnibus

160 2151 347 2201 oportet
362 2151 406 2188 te
427 2146 671 2201 aliquando
691 2147 912 2201 separari,
931 2147 1026 2188 sive
1042 2146 1172 2197 velis,
1192 2147 1286 2186 sive
1304 2145 1438 2187 nolis.

246 2262 280 2290 4.
304 2261 325 2290 2
356 2257 437 2290 Cor.
454 2260 507 2296 10,
525 2261 575 2291 18.
