1530 2517
272 130 534 167 CHRISTI
590 131 699 167 LIB.
729 131 799 167 111.
833 132 950 167 CAP.
983 132 1020 166 7.
1041 133 1078 167 8.
1261 128 1342 169 219

12 226 165 280 ἶῐιιειςὶε
191 237 218 266 a
233 230 279 267 te
303 226 514 280 requiro,
538 238 675 280 quam
691 232 742 268 ut
757 232 803 269 te
820 227 1008 268 studeas
1027 225 1137 267 mihi
1156 238 1210 268 ex
1228 227 1341 268 inte·
1375 274 1378 278 ,

12 294 102 350 *gro
120 295 385 350 resignare?
433 297 665 351 Quidquid
681 302 868 352 praeter
883 302 929 339 te
947 298 1094 351 ipsum
1114 297 1210 349 das,
1228 296 1341 338 nihii

21 377 145 416 curo,
166 367 273 420 quia
289 379 381 407 non
400 379 570 421 quaero
592 367 747 408 datum
763 372 904 418 tuum,
924 367 1006 408 sed
1022 372 1083 408 te.

101 436 142 475 2.
176 435 304 477 Sicut
326 450 417 477 non
446 438 678 479 sufficeret
693 438 777 478 tibi
798 438 1006 478 omnibus
1024 436 1192 478 habitis
1210 449 1340 490 prae-

16 509 89 546 ter
104 517 197 546 me:
229 506 297 546 ita
312 519 397 548 nec
415 506 526 548 mihi
543 508 727 561 placere
745 508 939 561 poterit,
967 507 1186 562 quidquid
1204 507 1340 548 dede-

15 576 95 626 ris,
115 579 160 616 te
177 588 269 617 non
288 576 460 618 oblato.
523 576 652 618 Offer
667 583 713 619 te
731 576 863 627 mihi,
892 583 937 618 et
955 577 1013 618 da
1028 582 1074 618 te
1093 582 1237 618 totum
1255 589 1338 630 pro

16 646 143 697 Deo,
173 651 218 688 et
242 647 330 688 erit
354 652 544 701 accepta
570 648 761 688 oblatio.
818 648 962 698 Ecce,
983 660 1069 702 ego
1097 659 1168 689 me
1193 652 1338 688 totum

19 716 165 757 obtuli
188 718 310 771 patri
333 730 417 771 pro
442 722 511 769 te3
545 717 652 759 dedi
677 718 813 758 etiam
833 722 980 759 totum
1008 730 1172 771 corpus
1189 730 1338 758 meum

18 791 65 827 et
95 788 364 842 sanguinem
393 788 440 828 in
467 789 637 838 cibum,
665 792 716 828 ut
738 792 862 828 totus
888 792 992 829 tuus
1021 801 1191 839 essem,
1223 793 1268 829 et
1290 793 1339 828 tu

16 870 145 898 meus
162 870 472 911 permaneres.
535 858 584 900 Si
603 862 754 898 autem
771 858 816 898 in
834 862 879 899 te
896 859 997 911 ipso
1024 859 1206 900 steteris
1219 890 1230 910 ‚
1255 871 1339 899 nec

17 933 180 981 sponte
211 933 258 969 te
292 929 351 969 ad
381 928 664 969 voluntatem
694 940 844 969 meam
877 928 1121 969 obtuleris:
1152 942 1243 970 non
1272 933 1341 969 est

15 998 152 1052 plena
178 999 473 1049 oblatio‚nec
488 999 671 1053 integra
690 999 777 1039 erit
791 999 912 1039 inter
928 1011 1012 1039 nos
1029 1000 1154 1040 unio.
1193 1000 1340 1053 Igitur

16 1069 169 1108 onmia
180 1069 844 1123 operatuapraecederedebet
854 1070 1338 1123 spontaneatuiipsius

14 1140 60 1180 in
84 1152 243 1180 manus
261 1140 352 1181 Dei
378 1140 575 1190 oblatio,
603 1140 643 1180 si
666 1139 929 1181 libertatem
956 1140 1174 1194 consequi
1198 1141 1265 1180 vis
1294 1145 1338 1181 et

13 1211 224 1264 gratiam.
269 1210 380 1251 Ideo
401 1211 520 1251 enim
535 1214 630 1250 tam
645 1211 782 1263 pauci
797 1210 1041 1251 illuminati
1060 1215 1105 1251 et
1122 1211 1252 1251 liberi
1272 1211 1337 1250 in-

0 1256 86 1320 *tus
122 1280 401 1331 efficiuntur,
436 1281 543 1335 quia
568 1293 617 1321 se
643 1281 770 1334 ipsos
798 1293 855 1322 ex
877 1285 976 1321 toto
1005 1282 1236 1335 abnegare
1262 1293 1337 1321 ne-

14 1352 176 1392 sciunt.
235 1351 320 1391 Est
350 1351 481 1391 fisma
514 1352 742 1392 sententia
773 1364 897 1392 mea:
943 1350 1070 1392 Nisi
1103 1351 1226 1405 quis
1258 1363 1336 1391 re-

12 1422 374 1463 nunciaverit
428 1422 708 1473 omnibus,
770 1435 878 1463 non
932 1425 1125 1475 potest
1184 1434 1336 1461 meus

15 1499 157 1534 esse*
173 1492 258 1533 dis
272 1491 509 1546 cipulus.
571 1493 642 1532 Tu
667 1505 777 1546 ergo
797 1493 837 1533 si
855 1495 987 1546 optas
1003 1504 1131 1532 meus
1151 1503 1252 1532 esse
1271 1490 1334 1531 di-

13 1563 237 1616 scipulus,
272 1561 391 1604 offer
413 1567 459 1604 te
484 1563 633 1616 ipsum
658 1561 770 1603 mihi
796 1575 895 1604 cum
923 1562 1129 1604 omnibus
1159 1559 1334 1602 affecti-

10 1631 95 1672 bus
112 1633 218 1672 tuis.

101 1774 134 1804 2.
161 1771 249 1805 Luc.
270 1775 324 1812 14,
344 1774 401 1806 33.
