1530 2517
172 99 253 140 196
573 101 655 137 DE
689 101 1082 137 IMITATIONE

170 200 297 240 Deus
326 210 474 247 meus,
509 197 635 251 cujus
661 196 1005 238 misericordiae
1030 210 1119 237 non
1155 202 1224 239 est
1245 196 1486 239 numerus?

170 269 258 309 Ubi
281 265 394 308 mihi
415 267 533 308 bene
559 265 646 307 fuit
670 267 767 307 sine
792 265 866 307 te?
922 268 1011 307 Aut
1035 267 1214 321 quando
1239 267 1359 308 male
1385 280 1484 309 esse

168 338 320 393 potuit
341 341 584 391 praesente
608 335 679 377 te‘}
736 336 862 377 Malo
888 349 1062 390 pauper
1087 349 1188 377 esse
1212 341 1401 390 propter
1423 341 1484 388 te,

173 420 307 462 quam
326 407 450 448 dives
477 407 574 447 sine
600 411 658 447 te.
719 406 854 460 Eligo
872 407 1025 460 potius
1042 411 1192 448 tecum
1207 407 1255 447 in
1269 411 1395 448 terra
1411 420 1486 460 pe-

170 477 421 532 regrinari,
449 488 583 531 quam
608 477 705 516 sine
730 480 775 517 te
803 476 980 517 coelum
1005 476 1258 529 possidere.
1316 478 1402 518 Ubi
1422 484 1485 528 tu,

169 548 236 588 ibi
254 547 461 597 606111111;,
479 551 614 601 atque
631 547 696 587 ibi
712 559 835 587 mors
855 551 900 586 et
915 545 1134 596 infernus,
1152 547 1231 587 ubi
1248 551 1297 586 tu
1312 559 1403 588 non
1421 560 1484 588 es.

170 619 243 658 Tu
259 616 370 657 mihi
385 618 431 657 in
443 616 673 658 desiderio
696 629 766 666 es,
794 620 840 656 61
854 615 960 656 ideo
979 621 1084 669 post
1098 620 1144 656 te
1163 628 1370 669 gemere,
1397 617 1486 658 cla-

169 700 296 729 mare
324 692 370 728 et
395 699 587 728 exorare
609 698 798 727 necesse
818 689 900 726 est.
960 686 1010 726 In
1027 685 1150 725 nullo
1171 686 1365 740 denique
1381 699 1487 740 pos-

168 770 267 798 sum
283 752 418 811 plene
438 756 667 798 confidere
679 787 691 807 ,
720 756 795 810 qui
810 756 857 796 in
874 755 1222 796 necessitatibus
1242 756 1485 797 auxilietur

169 828 491 881 opportunius,
525 827 613 867 nisi
636 827 680 866 in
708 831 752 866 te
778 825 878 866 solo
900 826 1001 866 Deo
1028 837 1147 865 meo.
1209 827 1281 866 Tu
1308 839 1355 867 65
1380 840 1496 882 51165ἰ

168 909 293 948 mea,
319 901 369 937 tu
385 896 553 937 fiducia
568 909 693 947 mea,
721 903 769 936 tu
788 895 1053 937 consolator
1069 908 1196 936 meus
1216 899 1262 936 et
1276 895 1487 937 fidelissi·

166 981 266 1008 mus
283 968 328 1007 in
346 967 568 1007 omnibus.

251 1039 291 1076 2.
326 1037 515 1087 Omnes,
542 1048 658 1091 quae
683 1046 768 1076 sua
794 1039 919 1086 sunt,
947 1040 1192 1089 quaerunt3
1223 1039 1274 1075 tu
1290 1035 1483 1076 salutem

166 1119 315 1148 meam
334 1114 379 1147 et
395 1105 652 1160 profectum
667 1117 818 1146 meum
835 1105 1122 1146 solummodo
1141 1105 1418 1159 praetendis,
1441 1110 1486 1146 et

168 1178 321 1218 omnia
335 1177 381 1216 in
397 1177 566 1217 bonum
583 1173 696 1215 mihi
713 1175 954 1216 convertis.
1008 1175 1160 1216 Etiam
1178 1176 1218 1216 si
1234 1176 1371 1215 variis
1389 1182 1485 1215 ten-

167 1247 418 1288 tationibus
445 1250 491 1287 et
515 1244 867 1287 adversitatibus
894 1256 1118 1298 exponas,
1145 1243 1234 1286 hoc
1257 1249 1403 1286 totum
1428 1245 1486 1285 ad

167 1318 414 1359 utilitatem
437 1328 587 1358 meam
614 1314 821 1365 ordinas,
855 1315 932 1368 qui
958 1315 1084 1356 mille
1115 1315 1263 1357 modis
1290 1315 1484 1356 dilectos

165 1394 269 1429 tuos
301 1388 499 1441 probare
533 1385 826 1427 consuevisti.
886 1385 936 1425 111
969 1397 1057 1439 qua
1087 1386 1360 1439 probatione
1391 1398 1484 1426 non

164 1460 310 1499 minus
337 1458 468 1512 diligi
493 1457 631 1498 debes
660 1461 705 1497 et
729 1454 931 1506 laudari,
966 1468 1101 1510 quam
1133 1457 1173 1497 si
1205 1456 1480 1498 coelestibus

165 1528 557 1570 consolationibus
574 1540 645 1567 me
661 1526 881 1580 repleres.

246 1599 285 1640 3.
317 1600 367 1640 In
397 1603 443 1639 te
479 1609 613 1651 ergo,
641 1596 837 1637 Domine
862 1596 1011 1646 Deusj
1038 1609 1158 1649 pono
1183 1601 1330 1637 totam
1353 1609 1479 1649 spem

161 1681 309 1710 meam
329 1673 374 1709 et
387 1667 640 1722 refugium;
658 1668 705 1708 in
720 1671 765 1707 te
785 1678 961 1706 omnem
980 1667 1322 1707 tribulationem
1341 1670 1386 1706 et
1403 1678 1478 1705 an-

163 1739 360 1793 gustiam
376 1750 525 1778 meam
543 1737 792 1779 constituo:
825 1736 931 1789 quia
947 1741 1094 1777 totum
1110 1737 1336 1777 infirmum
1354 1740 1399 1777 61
1414 1737 1478 1775 111-

161 1808 326 1849 stabile
350 1808 555 1858 invenio,
590 1805 810 1861 quidquid
842 1811 972 1846 extra
994 1812 1040 1848 te
1068 1807 1315 1860 conspicio.
1375 1805 1478 1847 Non

162 1880 282 1920 enim
298 1876 550 1931 proderunt
572 1876 703 1916 multi
728 1876 885 1927 amici,
912 1889 1059 1930 neque
1077 1875 1222 1917 fortes
1250 1875 1479 1916 auxiliarii

164 1949 380 2002 adjuvare
398 1951 633 2001 poterunt,
660 1959 744 1987 nec
760 1946 1007 1999 prudentes
1026 1946 1277 1987 consiliarii
1291 1958 1478 2000 respon-

161 2031 260 2059 sum
276 2018 388 2059 utile
407 2017 540 2068 dare,
566 2029 715 2070 neque
732 2016 837 2057 libri
856 2016 1095 2057 doctorum
1115 2015 1366 2064 consolari,
1394 2028 1478 2056 nec

161 2089 314 2143 aliqua
331 2088 535 2141 pretiosa
553 2087 807 2127 substantia
823 2086 1021 2127 liberare
1033 2117 1044 2137 ‚
1063 2099 1148 2127 nec
1165 2086 1293 2127 locus
1312 2085 1476 2140 aliquis

160 2163 364 2200 secretus
385 2162 430 2199 et
447 2168 663 2198 amoenus
683 2158 923 2206 contutari,
936 2157 975 2196 si
987 2161 1035 2196 tu
1047 2157 1145 2209 ipse
1161 2168 1252 2196 non
1270 2156 1475 2206 assistas,

157 2231 302 2284 juves,
324 2227 571 2278 confortes,
592 2226 860 2277 consoleris,
879 2227 1077 2267 instruas
1097 2230 1142 2267 et
1160 2225 1405 2267 custodias.
