1530 2517
280 88 544 126 cunis'rl
601 88 710 124 Lm.
741 88 811 124 111.
846 59 1153 148 CA¹²<431535184
1301 90 1381 130 165

55 183 137 226 sed
170 197 347 226 summa
370 185 540 227 veritas
572 196 755 238 semper
782 185 1012 226 irradiat!¹
1032 185 1039 235 ᾗ
1055 186 1170 228 Dies
1203 200 1386 241 semper

58 254 204 306 laeta,
231 267 413 310 semper
436 267 600 297 secura
625 260 671 297 et
693 268 923 310 nunquam
948 262 1116 297 statum
1133 259 1383 314 mllssfijflss.,i¹.¹

57 324 309 366 contraria!
371 326 408 367 Ο
433 327 608 366 utinam
634 326 732 367 dies
757 326 840 366 illa
864 327 1116 378 illuxisset,
1151 316 1384 385 et.{c{1{‡cta

55 392 170 436 haec
193 396 472 449 temporalia
501 396 638 437 finem
671 396 977 451 accepissent!
1025 397 1173 438 Lucet
1200 385 1382 451 quidem

55 463 235 506 Sanctis
259 470 484 520 perpetua
509 466 719 508 claritate
745 467 1010 521 splendida,
1037 467 1120 508 sed
1138 479 1230 507 non
1248 468 1334 508 nisi
1355 481 1382 508 a

52 534 192 590 longe
212 540 258 578 et
271 549 356 590 per
371 537 605 591 speculum
622 537 1021 591 peregrinantibus
1039 536 1085 577 in
1101 541 1240 578 terra.

136 608 176 646 2.
209 605 390 648 Norunt
407 607 527 648 coeli
545 608 682 659 cives,
702 619 837 661 quam
854 606 1083 661 gaudiosa
1099 607 1160 648 sit
1175 607 1278 658 illa3
1302 621 1379 663 ge-

49 682 178 716 munt
195 676 352 718 exules
369 677 453 718 filii
468 677 653 729 Hevae,
679 676 802 732 quod
829 688 987 716 amara
1013 681 1060 718 et
1082 677 1296 719 taediosa
1321 679 1381 719 sit

48 746 153 786 ista.
215 747 329 788 Dies
348 745 483 801 hujus
499 748 721 802 temporis
738 747 869 801 parvi
888 751 933 788 et
948 746 1082 798 mali,
1106 747 1233 801 pleni
1250 747 1379 789 dolo·

48 818 180 859 ribus
196 822 241 858 et
257 818 503 872 angustiis:
528 818 606 859 ubi
623 817 761 859 homo
779 816 934 857 multis
951 818 1154 871 peccatis
1172 818 1378 872 inquina-

49 892 145 937 tur,
178 887 333 928 multis
363 889 657 942 passionibus
688 887 917 938 irretitur,
951 886 1106 929 multis
1136 888 1378 929 timoribus

49 958 311 1012 stringitur,
328 959 483 1000 multis
503 959 624 1000 curis
642 957 939 1008 distenditur,
964 956 1119 998 multis
1138 958 1377 999 curiosita-

46 1027 170 1069 tibus
189 1027 472 1080 distrahitur,
490 1028 645 1070 multis
661 1028 942 1069 vanitatibus
958 1027 1244 1082 implicatur,
1264 1028 1377 1069 mul-

47 1099 108 1140 tis
127 1099 362 1141 erroribus
381 1097 774 1150 circumfunditur,
791 1098 948 1139 multis
965 1098 1203 1139 laboribus
1222 1100 1376 1140 atteri·

47 1174 144 1220 tur,
172 1170 502 1211 tentationibus
520 1173 759 1224 gravatur,
786 1168 965 1210 deliciis
985 1173 1242 1220 enervatur,
1272 1182 1376 1223 ege-

48 1243 168 1280 state
188 1240 431 1281 cruciatur.

131 1309 170 1350 3.
205 1310 242 1350 O
269 1311 449 1364 quando
475 1311 578 1352 finis
604 1309 768 1352 horum
792 1309 1047 1352 malorumz
1109 1309 1302 1361 Quando
1322 1310 1373 1350 li-

44 1380 247 1421 berabor
272 1393 299 1420 a
322 1381 493 1422 misera
517 1382 737 1423 servitute
762 1380 1006 1423 vitiorum'}
1067 1380 1259 1431 Quando
1283 1393 1375 1421 me-

45 1451 287 1501 morabor,
313 1451 536 1502 Domine,
562 1452 631 1492 tui
655 1451 827 1493 solius}
888 1450 1081 1502 Quando
1110 1450 1169 1491 ad
1190 1450 1375 1504 plenum

43 1521 256 1563 laetabor
271 1522 318 1561 in
327 1519 401 1562 te‘}
433 1521 626 1571 Quando
642 1534 721 1563 ero
737 1523 835 1564 sine
851 1523 975 1563 omni
985 1521 1311 1576 impedimento
1328 1522 1375 1560 in

44 1604 156 1633 vera
165 1592 378 1634 libertate
390 1593 488 1633 sine
499 1593 621 1633 omni
630 1593 895 1647 gravamine
905 1592 1070 1633 mentis
1083 1597 1129 1633 et
1140 1604 1247 1645 corp
1255 1589 1374 1632 oris‘ss

49 1661 240 1712 Quando
266 1663 354 1703 erit
367 1674 458 1716 pax
475 1663 648 1714 solida,
666 1675 759 1717 pax
773 1663 1164 1717 imperturbabilis
1185 1667 1231 1703 et
1246 1674 1373 1702 secu-

44 1745 113 1783 ra,
130 1744 223 1786 pax
237 1733 358 1773 intus
379 1737 425 1773 et
439 1731 570 1783 foris,
587 1745 678 1786 pax
696 1746 754 1774 ex
772 1735 895 1774 omni
911 1738 1042 1788 parte
1061 1731 1219 1773 firma‘}
1263 1733 1287 1773 J
1294 1744 1374 1773 esu

45 1803 189 1854 bone,
218 1803 400 1857 quando
422 1803 554 1844 stabo
582 1803 640 1844 ad
659 1804 903 1845 videndum
919 1802 993 1845 te'}
1054 1802 1247 1853 Quando
1269 1814 1373 1843 con-

45 1873 307 1926 templabor
346 1873 544 1927 gloriam
581 1875 715 1928 regni
752 1873 847 1915 tui?
907 1873 1101 1925 Quando
1141 1873 1231 1913 eris
1263 1870 1376 1912 mihi

47 1944 201 1984 omnia
224 1944 272 1983 in
299 1942 535 1984 omnibus}
596 1944 633 1985 Ο
660 1944 841 1998 quando
869 1958 949 1986 ero
983 1949 1134 1986 tecum
1157 1944 1205 1983 in
1227 1955 1372 1996 regno

46 2020 124 2053 tuo
136 2042 149 2063 ,
177 2012 300 2067 quod
316 2015 607 2066 praeparasti
624 2014 804 2056 dilectis
821 2015 913 2056 tuis
932 2015 988 2056 ab
1008 2012 1227 2056 aeterno?
1287 2013 1373 2052 Re-

43 2083 180 2125 lictus
205 2096 304 2124 sum
328 2095 504 2137 pauper
529 2089 575 2125 et
601 2085 707 2125 exul
729 2086 775 2125 in
801 2090 928 2127 terra
944 2083 1126 2134 hostili,
1153 2083 1230 2124 ubi
1248 2082 1374 2126 bella

46 2153 316 2208 quotidiana
335 2159 380 2194 et
395 2154 649 2194 infortunia
664 2156 878 2195 maxima.

128 2223 169 2263 4.
203 2224 456 2265 Consolare
504 2225 689 2264 exilium
734 2238 909 2275 meum,
955 2225 1116 2277 mitiga
1162 2222 1370 2262 dolorem
