1530 2517
185 143 239 186 66
599 143 681 181 DE
719 145 1122 183 ΙΜΙΤΑΤΙΟΝΕ

183 245 291 281 tunc
308 243 469 292 potens
487 240 539 280 fit
555 240 614 280 ἃᾶ
632 242 798 293 omnia,
813 245 858 282 et
874 242 1055 296 quando
1071 240 1265 292 recedit,
1276 245 1384 282 tunc
1399 254 1509 295 pau-

182 322 267 364 per
284 314 329 350 et
343 309 547 350 infirmus
561 311 648 350 erit
658 315 704 352 et
713 312 844 365 quasi
851 316 1028 352 tantum
1040 311 1098 352 ἃᾶ
1108 310 1508 367 ssagellarelictus.

181 381 233 421 In
250 378 319 420 his
337 392 428 420 non
446 379 587 421 debes
605 380 743 434 dejici
759 394 844 422 nec
860 381 1122 435 desperare,
1135 382 1218 424 sed
1236 382 1510 423 advolunta-

182 455 276 490 tem
292 450 383 490 Dei
401 451 738 508 aequanimiter
751 455 875 492 stare
895 455 941 492 et
958 457 1119 493 cuncta
1139 453 1512 506 supervenientia

182 520 264 560 tibi
286 519 344 560 ἃᾶ
359 519 544 560 laudem
559 521 585 561 J
590 533 671 561 esu
689 519 860 561 Christi
875 522 1067 575 perpeti,
1081 522 1305 576 quiapost
1314 520 1512 562 hiemem

185 590 391 643 sequitur
418 595 592 640 aestas,
618 595 725 643 post
747 595 930 632 noctem
952 591 1076 633 redit
1091 592 1189 634 dies
1217 597 1264 634 et
1278 597 1384 647 post
1399 598 1511 634 tem-

183 664 410 712 pestatem
428 672 595 714 magna
612 662 850 703 serenitas.

639 1100 897 1147 CAPUT
965 1101 1069 1146 IX.

516 1214 586 1256 De
618 1214 818 1255 carentia
847 1214 984 1255 omnis
1014 1214 1177 1258 solatii.

271 1366 311 1405 1.
342 1346 461 1405 Non
480 1367 550 1404 est
566 1374 705 1418 grave
716 1360 962 1403 humanum
978 1367 1269 1404 contemnere
1280 1363 1510 1414 solatium,

189 1447 289 1474 cum
311 1434 444 1475 adest
461 1433 674 1474 divinum.
735 1434 956 1488 Magnum
975 1438 1044 1475 est
1061 1438 1108 1474 et
1123 1433 1256 1474 valde
1281 1446 1510 1488 magnum,

184 1508 279 1543 tam
298 1502 493 1544 humano
510 1516 645 1558 quam
663 1503 816 1545 divino
834 1515 972 1557 posse
992 1517 1149 1545 carere
1168 1503 1351 1554 solatio,
1366 1509 1412 1545 et
1426 1516 1509 1557 pro

185 1571 362 1614 honore
379 1575 470 1614 Dei
486 1575 683 1615 libenter
701 1574 887 1615 exilium
905 1574 1056 1615 cordis
1073 1574 1192 1615 velle
1210 1575 1452 1624 sustinere,
1468 1579 1513 1614 et

183 1644 231 1683 in
249 1644 373 1684 nullo
393 1657 442 1685 se
459 1645 609 1697 ipsum
627 1657 865 1698 quaerere,
878 1658 962 1686 nec
979 1644 1038 1685 ad
1049 1645 1284 1698 proprium
1299 1645 1510 1685 meritum

181 1713 429 1767 respicere.
492 1714 614 1764 Quid
638 1715 794 1768 magni
819 1718 910 1765 est,
937 1715 978 1755 si
993 1713 1152 1755 hilaris
1171 1715 1234 1755 sis
1254 1719 1301 1755 et
1316 1714 1509 1756 devotus

185 1782 654 1839 advenientegratia'}
688 1784 914 1838 Optabilis
933 1785 1105 1826 cunctis
1124 1783 1240 1825 haec
1256 1782 1387 1840 hora.
1428 1784 1509 1826 Sa-

183 1856 242 1896 tis
261 1856 464 1896 suaviter
481 1856 669 1910 equitat,
690 1868 824 1910 quem
841 1855 993 1910 gratia
1008 1855 1100 1896 Dei
1116 1859 1285 1908 portat.
1325 1855 1384 1895 Et
1402 1855 1510 1908 quid

183 1926 369 1975 mirum,
397 1926 436 1966 si
464 1937 577 1966 onus
600 1938 692 1966 non
709 1926 868 1976 sentit,
897 1925 973 1979 qui
988 1929 1201 1978 portatur
1218 1925 1273 1965 ab
1295 1925 1510 1977 Omnipo-

184 1999 309 2035 tente
329 1999 375 2035 et
391 1995 572 2036 ducitur
589 2007 616 2035 a
633 2007 808 2036 summo
829 1993 1046 2036 ductores.t

270 2066 310 2104 2.
343 2065 565 2105 Libenter
580 2063 668 2105 hah
676 2076 801 2105 emus
820 2064 994 2120 aliquid
1010 2077 1093 2119 pro
1111 2064 1306 2114 solatio,
1334 2068 1380 2105 et
1396 2064 1510 2104 diffi-

190 2133 336 2175 culter
353 2132 489 2175 homo
510 2135 692 2175 exuitur
708 2147 735 2175 a
751 2148 801 2176 se
817 2135 935 2188 ipso.
994 2135 1119 2176 Vicit
1134 2139 1318 2176 sanctus
1334 2139 1512 2188 martyr

186 2203 464 2258 Laurentius
483 2205 718 2246 saeculum
736 2218 838 2246 cum
855 2217 937 2246 suo
956 2204 1214 2255 sacerdote,
1236 2205 1342 2259 quia
1361 2217 1510 2254 omne,

188 2273 311 2328 quod
340 2275 388 2315 in
409 2274 577 2316 mundo
605 2274 880 2318 delectabile
905 2275 1167 2326 videbatur,
1202 2273 1431 2328 despexit,
1466 2278 1512 2314 et
