1530 2517
141 130 223 170 106
350 167 354 169 .
545 133 627 169 DE
662 133 1057 170 {MlTATloNE

569 351 831 397 CAPUT
893 354 1048 398 XIV.

269 463 339 506 De
374 465 552 506 occultis
585 464 677 505 Dei
694 464 877 518 judiciis
913 467 1252 518 considerandis,
1287 482 1340 509 ue

493 526 498 530 ⁸
552 535 813 576 ‘extollamur
843 535 889 576 in
925 536 1059 577 bonis.

227 671 266 710 1.
297 649 492 709 Intonas
517 680 656 721 super
678 681 750 709 me
765 669 940 723 judicia
965 675 1067 720 tua,
1093 671 1314 721 Domine,
1342 675 1388 712 et
1412 672 1466 711 ti-

144 754 272 783 more
291 750 345 783 ae
359 746 561 782 tremore
581 742 784 782 concutis
805 742 956 781 omnia
979 754 1085 782 ossa
1107 753 1232 792 mea,
1262 747 1307 783 et
1332 750 1466 795 expa-

142 813 287 853 vescit
306 812 457 852 anima
471 823 576 852 mea
590 811 740 852 valde.
801 810 880 852 Sto
902 813 1121 852 attonitus
1141 818 1187 852 et
1205 811 1465 861 considero,

144 882 250 935 quia
298 881 451 922 coeli
495 894 604 922 non
651 886 779 922 sunt
823 881 1011 921 mundi
1056 882 1112 921 in
1155 894 1325 934 consp
1341 887 1467 922 ectu
1487 901 1491 911 ε

140 955 253 992 tuo.
331 951 381 993 Si
417 952 474 991 in
515 951 737 1005 angelis
776 951 1056 1004 reperisti
1099 952 1464 1004 pravitatem,

141 1033 225 1062 nec
247 1025 399 1061 tamen
415 1019 685 1074 pepercisti,
714 1020 822 1074 quid
847 1021 928 1061 fiet
952 1021 1007 1061 de
1032 1019 1133 1062 mei
1193 1021 1467 1062 Ceciderunt

142 1091 306 1132 stellae
324 1090 381 1132 de
399 1091 532 1132 coelo
546 1121 557 1141 ‚
579 1095 624 1131 et
642 1100 728 1144 ego
746 1090 895 1143 pulvis
916 1091 1022 1144 quid
1039 1089 1311 1144 praesumo&
1345 1091 1467 1140 Quo-

140 1174 243 1201 rum
269 1173 411 1215 opera
432 1157 705 1201 videbantur
728 1159 1004 1211 laudabilia,
1033 1161 1296 1201 ceciderunt
1321 1160 1377 1199 ad
1402 1161 1467 1200 in-

143 1233 271 1281 fima,
291 1236 337 1272 et
355 1232 431 1284 qui
449 1230 752 1271 comedebant
768 1242 930 1284 panem
950 1230 1242 1284 angelorum,
1263 1229 1355 1269 vidi
1374 1229 1467 1269 sili-

145 1302 244 1354 quis
263 1300 486 1341 delectari
501 1310 763 1354 porcorum.

228 1372 268 1410 2.
300 1370 439 1412 Nulla
465 1376 536 1411 est
554 1382 664 1425 ergo
683 1364 926 1420 sanctitas,
953 1370 992 1411 si
1008 1379 1191 1410 manum
1206 1373 1354 1419 tuam,
1372 1368 1466 1409 Do-

143 1442 278 1491 mine,
298 1439 554 1482 subtrahas.
614 1440 754 1481 Nulla
768 1440 960 1494 prodest
976 1440 1217 1493 sapientia,
1244 1440 1283 1479 si
1301 1439 1466 1492 guber-

141 1524 253 1553 nare
280 1511 491 1552 deSistas.
550 1510 690 1552 Nulla
702 1511 832 1564 juvat
852 1509 1100 1559 fortitudo,
1127 1510 1168 1550 si
1193 1520 1466 1550 conservare

143 1579 340 1621 desinas.
387 1580 527 1621 Nulla
544 1593 707 1622 secura
724 1581 927 1630 castitas,
947 1581 987 1620 si
1005 1592 1106 1621 eam
1122 1591 1213 1619 non
1231 1582 1464 1632 protegas.

140 1650 280 1691 Nulla
295 1651 483 1704 propria
493 1651 683 1705 prodest
700 1650 924 1700 custodia,
937 1650 976 1690 si
992 1663 1083 1690 non
1101 1649 1223 1689 adsit
1237 1653 1317 1689 tua
1334 1660 1466 1689 sacra

139 1717 392 1773 vigilantia.
452 1721 569 1762 Nam
593 1722 745 1763 relicti
767 1721 1018 1773 mergimur
1045 1725 1090 1760 et
1107 1719 1332 1772 perimus,
1358 1719 1464 1758 visi-

140 1792 227 1830 tati
257 1803 366 1832 vero
410 1793 629 1845 erigimur
668 1795 715 1831 et
745 1790 951 1830 vivimus.
1017 1789 1276 1847 Instabiles,
1297 1789 1463 1842 quippe

140 1873 309 1911 sumus,
329 1861 410 1901 sed
427 1874 509 1914 per
524 1867 570 1901 te
590 1856 931 1909 confir-maman
963 1860 1254 1912 tepescimus,
1274 1858 1356 1899 sed
1375 1870 1401 1898 a
1416 1863 1462 1898 te

141 1932 446 1972 accendimur.

224 2002 263 2043 3.
298 2003 335 2043 Ο
362 2015 497 2056 quam
522 2001 754 2042 humiliter
779 2005 825 2040 et
850 2001 1027 2053 abjecte
1052 1998 1162 2040 mihi
1187 1999 1243 2040 de
1269 1998 1459 2050 meipso

140 2072 424 2114 sentiendum
445 2077 535 2122 est,
556 2084 689 2126 quam
706 2069 820 2110 nihil
835 2070 1145 2124 pendendum,
1172 2069 1210 2109 si
1230 2067 1337 2122 quid
1353 2068 1460 2108 boni

140 2143 300 2185 videar
331 2141 523 2184 habere!
585 2142 622 2182 Ο
657 2153 789 2196 quam
822 2139 1049 2194 profunde
1089 2139 1357 2180 submittere
1390 2149 1462 2177 me-

234 2288 265 2318 1.
293 2284 514 2326 Job.15,15
534 2285 571 2316 et
588 2285 619 2322 4,
637 2285 689 2315 18.
