1530 2517
151 124 205 163 70
556 122 636 159 DE
668 123 1061 160 IMITATIONE

149 220 369 269 lationes,
398 222 444 259 et
469 217 527 258 ad
552 231 731 260 crucem
754 204 1027 272 portandam
1050 219 1219 273 magis,
1248 232 1380 274 quam
1407 220 1465 261 ad

149 290 386 331 laetitiam.
449 287 559 338 Quis
580 288 698 328 enim
715 289 1018 329 saecularium
1034 302 1125 330 non
1142 289 1337 330 libenter
1360 303 1464 331 con-

152 361 427 401 solationem
444 362 490 399 et
505 358 728 398 laetitiam
745 359 1028 411 spiritualem
1046 359 1288 412 acciperet,
1302 360 1464 400 sisem-

150 443 234 484 per
253 430 458 470 obtinere
475 426 659 481 posset&
690 428 928 469 Excedunt
948 429 1066 469 enim
1082 429 1343 482 spirituales
1363 443 1465 471 con-

152 499 404 541 solationes
424 510 578 539 omnes
596 497 952 538 mundidelicias
972 503 1017 538 et
1034 499 1180 539 carnis
1191 499 1465 553 voluptates.

150 570 270 612 Nam
295 582 449 610 omnes
476 569 668 610 deliciae
693 568 948 609 mundanae
975 573 1053 608 aut
1067 581 1212 608 vanae
1239 574 1362 620 sunt,
1390 575 1468 610 aut

150 645 321 693 turpes.
383 639 654 693 Spirituales
677 651 786 679 vero
816 638 1008 678 deliciae
1027 638 1156 679 solae
1168 638 1397 692 jucundae
1423 644 1469 679 et

151 708 397 760 honestae,
432 720 488 750 ex
512 709 751 750 virtutibus
782 709 1052 762 progenitae
1086 713 1132 749 et
1163 721 1190 748 a
1213 709 1314 749 Deo
1340 709 1466 762 puris

151 781 376 821 mentibus
393 778 588 820 infusae.
651 778 743 820 Sed
766 779 866 818 istis
894 778 1056 818 divinis
1076 778 1466 819 consolationibus

152 862 284 891 nemo
304 862 483 903 semper
498 862 580 903 pro
599 861 682 890 suo
703 847 870 889 affectu
886 847 979 888 frui
994 848 1139 899 valet,
1167 849 1273 903 quia
1289 853 1466 902 tempus

151 920 417 961 tentationis
435 931 526 959 non
544 919 621 959 diu
640 922 803 960 cessat.

234 992 273 1030 2.
305 990 500 1031 Multum
532 993 684 1029 autem
716 989 1021 1029 contrariatur
1057 1001 1282 1042 supernae
1313 989 1466 1029 visita-

150 1060 265 1100 tioni
293 1058 412 1100 falsa
437 1059 625 1101 libertas
652 1058 790 1098 animi
824 1063 869 1098 et
891 1070 1056 1112 magna
1081 1059 1356 1099 confidentia
1381 1059 1464 1098 sui.

151 1130 278 1171 Deus
301 1130 418 1171 bene
445 1128 559 1171 facit
589 1128 918 1170 consolationis
950 1129 1145 1182 gratiam
1178 1128 1351 1179 dando,
1385 1128 1468 1169 sed

149 1198 286 1240 homo
306 1199 425 1240 male
443 1199 540 1252 agit
555 1211 645 1239 non
660 1198 918 1239 totumDeo
940 1211 1038 1239 cum
1056 1198 1307 1252 gratiarum
1325 1198 1466 1239 actio-

149 1282 207 1310 ne
231 1268 542 1310 retribuendo.
601 1269 661 1309 Et
683 1268 789 1309 ideo
815 1280 906 1309 non
923 1272 1114 1321 possunt
1134 1268 1181 1307 in
1196 1268 1328 1309 nobis
1346 1267 1467 1309 dona

153 1340 330 1393 gratiae
349 1338 506 1390 fluere,
527 1339 632 1393 quia
647 1339 818 1393 ingrati
834 1351 986 1380 sumus
1006 1338 1203 1388 auctori,
1221 1351 1305 1379 nec
1320 1341 1467 1379 totum

149 1408 431 1450 refundimus
464 1408 630 1450 fontali
662 1409 842 1463 origini.
904 1406 1092 1462 Semper
1124 1408 1243 1449 enim
1275 1408 1467 1449 debetur

152 1479 302 1533 gratia
319 1479 455 1533 digne
473 1479 646 1533 gratias
662 1477 905 1530 referenti,
932 1483 977 1520 et
994 1477 1228 1520 auferetur
1251 1478 1306 1519 ab
1326 1478 1463 1529 elato,

152 1549 274 1603 quod
292 1549 392 1589 dari
408 1550 529 1590 solet
548 1548 721 1589 humili.

233 1619 273 1659 3.
305 1618 426 1659 Nolo
461 1618 844 1669 consolationem,
879 1630 995 1672 quae
1026 1616 1137 1658 mihi
1169 1616 1321 1659 aufert
1345 1631 1463 1659 com-

149 1689 453 1742 punctionem,
466 1701 550 1729 nec
567 1687 732 1729 affecto
753 1688 1196 1741 contemplationem,
1210 1700 1325 1742 quae
1342 1688 1465 1729 ducit

148 1758 196 1797 in
221 1757 481 1799 elationem.
541 1757 644 1799 Non
669 1759 789 1799 enim
814 1770 945 1798 omne
965 1758 1103 1798 altum
1127 1762 1353 1809 sanctum,
1379 1771 1464 1799 nec

152 1839 284 1868 omne
302 1827 432 1869 dulce
449 1828 632 1879 bonum,
648 1841 733 1869 nec
751 1840 882 1868 omne
901 1827 1176 1869 desiderium
1192 1829 1463 1881 purum,nec

151 1904 284 1939 omne
302 1898 565 1939 carumDeo
584 1902 776 1951 gratum.
816 1898 1036 1939 Libenter
1053 1902 1239 1952 accepto
1251 1899 1461 1952 gratiam,

149 1966 269 2009 unde
294 1980 474 2022 semper
497 1966 711 2008 humilior
737 1972 782 2008 et
796 1968 1057 2008 timoratior
1072 1969 1298 2019 inveniar,
1326 1973 1461 2022 atque

150 2036 210 2077 ad
238 2037 585 2091 relinquendum
614 2052 686 2079 me
717 2039 923 2092 paratior
953 2039 1072 2078 fiam.
1131 2039 1306 2079 Doctus
1339 2039 1458 2079 dono

149 2107 327 2161 gratiae
360 2111 407 2148 et
438 2109 639 2150 eruditus
673 2109 995 2149 subtractionis
1028 2108 1217 2149 verbere
1250 2121 1341 2149 non
1373 2109 1459 2148 sibi

151 2176 337 2217 audebit
368 2177 613 2233 quidquam
642 2179 752 2219 boni
785 2179 1055 2228 attribuere,
1103 2178 1186 2219 sed
1219 2179 1369 2232 potius
1410 2190 1459 2218 se

150 2258 398 2300 pauperem
453 2253 499 2290 et
551 2249 719 2290 nudum
775 2248 1076 2290 confitebitur.
1158 2249 1199 2289 D
1219 2261 1246 2287 a
1298 2249 1339 2289 D
1359 2260 1382 2288 e
1402 2259 1427 2288 o
1446 2277 1459 2297 ,
