1530 2517
291 119 552 157 CHRISTI
609 120 719 156 121ss.
748 120 816 156 111.
852 121 972 156 CAP.
1004 121 1154 156 1415.
1303 120 1384 159 107

61 214 207 257 debeo
227 216 309 257 sub
329 216 618 271 abyssalibus
631 215 817 270 judiciis
832 216 1162 267 tuis,Domin·e,
1175 216 1252 257 ubi
1271 215 1384 257 nihil

61 284 186 325 uliud
201 298 275 327 me
294 298 394 328 esse
411 287 610 338 invenio,
630 298 764 341 quam
780 284 894 326 nihil
913 291 958 328 et
973 285 1107 326 nihil!
1149 287 1186 327 Ο
1203 286 1382 340 pondus

57 355 348 407 immensum,
383 368 408 396 o
433 356 626 411 pelagus
647 356 1050 407 intransnatabile,
1084 356 1163 396 ubi
1186 354 1300 396 nihil
1325 355 1382 396 de

55 436 127 464 me
143 426 344 478 reperio,
365 439 498 480 quam
516 427 561 467 in
580 431 678 468 toto
697 426 832 467 nihil!
878 426 966 466 Ubi
985 431 1055 467 est
1072 438 1182 479 ergo
1201 426 1380 466 lat-ebra

55 493 234 547 gloriae
245 524 258 545 ,
291 495 370 536 ubi
403 496 679 537 confidentia
705 497 760 538 de
785 498 952 538 virtute
988 494 1236 549 concepta‘}
1293 496 1378 536 Ab·

53 568 214 617 sorpta
232 570 303 605 est
327 566 472 607 omnis
498 566 716 620 gloriatio
735 579 853 608 vana
868 567 915 607 in
931 565 1245 620 profunditate
1258 564 1378 619 judi-

57 633 230 674 ciorum
246 639 430 675 tuorum
447 649 585 689 super
600 650 689 678 me.

137 703 177 744 4.
212 704 331 754 Quid
350 710 420 746 est
437 708 582 748 omnis
602 719 708 748 caro
725 707 773 747 in
791 710 1039 760 conspectu
1055 702 1163 745 tuo?
1223 704 1377 745 Num-

54 774 188 828 quid
219 774 573 829 gloriabitur
603 777 779 817 lutum
812 781 1009 817 eontra
1040 774 1377 815 formantem

53 842 138 886 se'ss
198 844 440 894 Quomodo
459 851 614 900 potest
632 848 749 902 erigi
765 847 1053 901 vaniloquio,
1081 846 1208 898 cujus
1235 857 1315 885 601·
1331 845 1378 883 in

53 915 247 955 veritate
266 915 519 970 subjectum
538 921 608 957 est
622 916 754 958 Deo?
800 917 905 958 Non
923 929 1026 957 eum
1041 919 1166 956 totus
1185 912 1377 954 mundus

55 987 224 1039 eriget,
254 998 387 1039 quem
403 987 573 1028 veritas
599 988 686 1028 sibi
712 988 929 1041 subjecit,
955 999 1041 1027 neo
1067 986 1266 1026 omnium
1282 985 1377 1024 lau-

54 1055 258 1095 dantium
277 1068 357 1096 ore
373 1057 645 1109 movebitur,
666 1058 743 1112 qui
757 1062 904 1097 totam
922 1069 1050 1110 spem
1067 1068 1196 1096 suam
1211 1056 1259 1095 in
1274 1055 1376 1096 Deo

54 1126 264 1166 firmavit.
325 1125 443 1166 Nam
469 1133 515 1168 et
537 1128 648 1181 ipsi,
677 1128 753 1182 qui
778 1127 1027 1181 loquuntur
1039 1156 1050 1176 ,
1088 1138 1194 1167 6666
1222 1137 1378 1166 omnes

53 1194 185 1246 nihi13
203 1195 418 1237 deficient
435 1197 554 1237 enim
572 1211 672 1238 cum
691 1197 845 1239 sonitu
861 1197 1123 1238 verborum:
1163 1195 1346 1236 verita
1357 1209 1377 1235 s

56 1271 238 1307 autem
270 1266 311 1307 D
326 1267 493 1307 omini
525 1272 712 1309 manet
740 1269 794 1309 in
828 1272 1023 1309 aetern
1038 1279 1132 1306 um.

486 1710 749 1759 CAPUT
810 1713 938 1758 XV.

125 1823 325 1876 Qualiter
356 1825 558 1866 standum
589 1825 649 1866 sit
685 1839 738 1868 ae
769 1826 995 1868 dicendam
1026 1827 1072 1868 in
1105 1827 1226 1869 omni
1255 1841 1301 1868 re

565 1895 853 1938 desiderabili.

131 2045 171 2085 1.
202 2025 324 2096 Fili,
343 2046 410 2087 sic
427 2046 554 2088 dicas
570 2047 617 2086 in
636 2049 760 2089 omni
774 2060 847 2089 re:
880 2048 1100 2100 Domine,
1120 2050 1158 2090 si
1175 2049 1260 2089 tibi
1276 2047 1370 2101 pla-

49 2113 184 2153 citum
210 2114 374 2166 fuerit,
401 2118 482 2157 fiat
506 2116 595 2159 hoc
619 2119 699 2159 ita.
758 2120 979 2170 Domine,
1006 2121 1044 2161 si
1068 2118 1209 2160 fuerit
1224 2116 1373 2158 honor

140 2255 172 2286 4.
201 2253 280 2287 Jes.
301 2258 357 2294 29,
378 2258 440 2290 16„
481 2255 624 2291 Psalm·
646 2260 710 2293 116
730 2258 846 2303 (117),
865 2263 897 2293 2.
