1530 2517
326 116 587 153 CHRISTI
643 116 751 152 LIB.
786 118 854 154 111.
896 119 1018 154 CAP.
1052 121 1089 154 5.
1323 118 1376 158 89

51 213 253 254 deranda
271 224 452 266 semper
467 211 749 266 perfectiora
768 214 950 254 excitat.
1005 215 1144 255 Amor
1161 215 1256 256 vult
1273 228 1374 257 esse

49 296 229 324 sursum
255 295 338 324 nec
369 282 477 322 ullis
501 282 668 323 infimis
691 283 830 324 rebus
854 284 1059 325 retineri.
1119 285 1258 326 Amor
1281 287 1378 326 vult

53 366 153 394 esse
171 353 290 394 liber
308 356 353 393 et
370 352 425 392 ab
451 352 573 392 omni
589 351 819 393 mundana
838 351 1085 395 affectione
1104 354 1300 406 alienus,
1320 369 1375 397 ne

50 425 255 464 internus
282 422 379 476 ejus
405 422 685 476 impediatur
710 422 976 477 adspectus;
1004 436 1059 464 ne
1082 437 1165 477 per
1188 425 1377 480 aliquod

53 492 340 535 commodum
370 493 629 546 temporale
662 493 999 547 implicationes
1034 495 1259 535 sustineat
1300 500 1378 536 aut

50 576 133 618 per
147 562 488 604 incommodum
505 564 784 604 succumbat.
824 562 951 604 Nihil
968 563 1145 604 dulcius
1166 569 1235 605 est
1253 577 1376 605 amo-

49 646 116 685 re,
134 631 249 674 nihil
264 633 431 674 fortius
443 664 455 684 ,
473 631 587 673 nihil
606 633 764 685 altius,
783 632 896 674 nihil
913 633 1049 675 latius
1061 665 1072 684 ,
1091 632 1204 674 nihil
1217 635 1376 688 jucun-

52 703 167 755 dius,
179 701 480 756 nihilplenius
496 716 582 745 nec
597 704 760 745 melius
776 704 823 744 in
841 704 972 745 coelo
994 705 1098 745 etin
1118 710 1256 756 terra,
1270 706 1377 759 quia

53 786 182 815 amor
200 785 256 815 ex
271 773 374 814 Deo
393 779 526 814 natus
546 778 629 825 est,
645 786 730 815 nec
745 777 914 827 potest,
933 774 1021 814 nisi
1037 774 1083 814 in
1101 774 1220 826 Deo,
1240 788 1378 829 super

53 845 205 885 omnia
223 847 379 885 creata
397 844 649 897 quiescere.

133 913 173 954 4.
204 914 372 955 Amans
381 912 522 964 volat,
539 913 681 954 currit
698 917 743 954 et
758 912 959 954 laetatur
968 913 1114 963 {liber
1133 919 1202 955 est
1222 920 1267 955 et
1283 927 1374 956 non

48 989 243 1026 tenetur.
302 984 398 1024 Dat
422 984 576 1024 omnia
590 995 674 1037 pro
703 983 910 1024 omnibus
937 987 984 1024 et
1001 981 1141 1025 habet
1159 985 1312 1026 omnia
1327 986 1375 1026 in

49 1054 280 1105 omnibus,
309 1054 416 1108 quia
438 1054 487 1094 in
510 1066 600 1095 uno
628 1065 804 1095 summo
829 1065 968 1107 super
992 1055 1145 1095 omnia
1164 1055 1373 1109 quiescit,

48 1136 105 1166 ex
123 1137 211 1180 quo
239 1136 372 1166 omne
388 1123 559 1165 bonum
581 1122 682 1164 fluit
706 1127 752 1165 et
772 1122 996 1177 procedit.
1057 1123 1160 1164 Non
1183 1126 1376 1179 respicit

47 1195 106 1236 ad
124 1195 269 1245 dona,
296 1193 379 1235 sed
404 1194 463 1235 ad
481 1194 728 1235 donantem
753 1207 802 1235 se
823 1195 1047 1235 convertit
1064 1207 1202 1247 super
1219 1196 1373 1235 omnia

44 1267 181 1308 bona.
241 1266 381 1306 Amor
396 1265 583 1306 modum
600 1277 738 1318 saepe
757 1264 916 1314 nescit,
937 1263 1018 1304 sed
1037 1277 1175 1317 super
1193 1277 1372 1306 omnem

45 1336 231 1377 modum
248 1334 478 1377 fervescit.
517 1336 657 1376 Amor
674 1348 787 1376 onus
805 1347 896 1375 non
914 1334 1065 1383 sentit,
1079 1334 1263 1375 labores
1280 1348 1372 1376 non

42 1410 250 1461 reputat3
266 1405 368 1459 plus
387 1403 590 1456 affectat,
610 1417 745 1459 quam
764 1404 904 1454 valet3
924 1403 979 1444 de
996 1404 1370 1456 impossibilitate

43 1489 134 1518 non
153 1480 406 1526 caussatur,
420 1476 526 1529 quia
538 1479 700 1516 cuncta
710 1475 793 1516 sibi
807 1486 944 1528 posse
964 1478 1009 1514 et
1018 1474 1159 1514 licere
1179 1475 1370 1515 arbitra-

42 1552 131 1588 tur.
168 1546 308 1589 Valet
321 1545 463 1600 igitur
480 1545 538 1586 ad
557 1546 710 1586 omnia
728 1549 773 1585 et
787 1543 931 1584 multa
947 1543 1108 1597 implet
1120 1549 1166 1585 et
1183 1543 1368 1587 effectui

41 1618 285 1671 mancipat,
303 1616 384 1657 ubi
398 1628 490 1656 non
509 1628 666 1656 amans
685 1615 840 1656 deficit
858 1618 903 1654 et
915 1614 1054 1668 jacet.

127 1688 167 1729 5.
199 1688 337 1728 Amor
351 1686 519 1741 vigilat
532 1690 577 1727 et
594 1686 824 1726 dormiens
842 1697 933 1725 non
952 1684 1184 1725 dormitat.
1244 1686 1368 1726 Fati-

43 1762 176 1812 gatus
200 1770 293 1798 non
309 1756 529 1808 lassatur,
549 1760 750 1797 arctatus
768 1768 858 1796 non
879 1759 1160 1805 coarctatur,
1180 1756 1367 1796 territus

40 1841 131 1868 non
158 1827 474 1877 conturbatur3
506 1826 589 1867 sed
613 1827 732 1867 sicut
753 1827 891 1866 vivax
913 1824 1097 1865 flamma
1130 1831 1176 1865 et
1201 1825 1366 1866 ardens

39 1898 196 1940 facula
212 1907 391 1939 sursum
409 1897 605 1950 erumpit
620 1909 871 1951 secureque
888 1896 1151 1950 pertransit.
1199 1896 1244 1937 Si
1267 1897 1365 1949 quis

41 1974 179 2020 amat,
196 1968 325 2009 novit
342 1966 450 2021 quid
467 1965 584 2007 haec
598 1979 689 2007 vox
706 1967 893 2016 clamet;
918 1978 1110 2020 magnus
1129 1966 1303 2006 clamor
1318 1966 1365 2005 in

39 2039 224 2080 auribus
241 2038 332 2079 Dei
351 2042 420 2078 est
435 2037 534 2090 ipse
554 2036 717 2078 ardens
736 2035 929 2078 affectus
949 2037 1141 2087 animae,
1162 2047 1279 2089 quae
1298 2035 1363 2075 di-

38 2110 118 2151 cit:
136 2110 279 2159 Deus,
293 2120 579 2158 amormeus;
595 2112 646 2147 tu
655 2111 779 2149 totus
789 2119 933 2156 meus,
947 2113 992 2146 et
1007 2118 1093 2159 ego
1104 2110 1230 2146 totus
1240 2110 1360 2145 tuus.

120 2179 159 2220 6.
191 2179 351 2220 Dilata
367 2191 439 2219 me
456 2179 504 2218 in
522 2190 698 2227 amore,
720 2180 772 2216 ut
789 2176 961 2216 discam
978 2176 1190 2217 interiori
1209 2175 1360 2216 cordis

38 2261 118 2290 ore
151 2248 398 2303 degustare
410 2279 422 2298 ,
457 2260 591 2302 quam
623 2258 762 2287 suave
795 2246 855 2285 sit
880 2258 1035 2287 amare
1063 2251 1108 2286 et
1130 2246 1177 2286 in
1204 2258 1360 2286 amore
