1530 2517
300 110 568 147 CHRISTI
625 109 733 145 LIB.
765 109 795 144 Ι.
830 109 950 145 CAP.
985 109 1050 144 24.
1070 109 1135 144 25.
1329 105 1380 144 47

55 214 247 251 aeterna
269 210 502 249 tormenta
526 205 703 259 poteris
722 202 946 245 suffen-ez
980 203 1029 246 Si
1045 203 1183 245 modo
1201 204 1385 245 modica

51 280 208 334 passio
234 283 331 319 tam
353 276 671 330 impatientem
707 275 868 325 efficit,
905 274 1013 329 quid
1044 272 1254 328 gehenna
1277 279 1385 315 tunc

52 348 216 391 faciet!
241 349 361 390 Ecce
378 359 487 388 vere
512 358 604 386 non
629 349 762 399 potes
782 345 871 385 duo
899 344 1071 398 gaudia
1087 343 1281 395 habere,
1309 345 1385 385 de-

53 420 219 461 lectari
236 417 311 459 hie
325 419 372 458 in
389 416 560 457 mundo
581 420 627 457 et
642 420 807 470 postea
821 427 1020 469 regnare
1040 428 1141 456 eum
1160 413 1358 456 Christo.

134 490 176 529 7.
210 487 261 530 Si
276 501 422 543 usque
438 489 485 528 in
503 486 776 528 hodiernum
796 485 917 526 diem
935 497 1117 538 semper
1132 486 1179 525 in
1200 484 1386 526 honori-

53 559 139 600 bus
158 562 204 600 et
219 558 532 612 voluptatibus
550 558 745 598 vixisses
757 586 769 607 ,
797 556 907 611 quid
922 560 1070 597 totum
1086 556 1172 596 tibi
1187 555 1387 609 profuis-

55 632 140 680 set,
173 629 214 669 si
234 628 331 682 jam
361 629 481 669 mori
511 628 703 668 instanti
729 624 1044 681 contingeret}
1078 627 1242 667 Omnia
1274 639 1386 680 ergo

53 699 233 740 vanitas
251 702 439 752 praeter
457 711 611 739 amare
622 698 772 739 Deum
791 700 836 738 et
851 696 922 737 illi
939 696 1030 737 soli
1046 697 1235 737 servire.
1298 696 1388 745 Qui

57 769 176 810 enim
199 768 350 810 Deum
375 780 433 811 ex
454 773 555 809 toto
592 767 731 809 eorde
766 770 910 817 amat,
944 778 1029 807 nec
1052 770 1270 816 mortem,
1303 778 1389 808 nec

56 839 328 893 supplicium
339 870 351 890 ,
369 852 455 880 nee
468 838 714 893 judicium,
733 850 818 878 nec
833 835 1062 877 infernum
1078 837 1262 885 metuit,
1282 837 1390 889 quia

55 908 289 962 perfectus
317 921 447 949 amor
471 920 685 949 securum
718 907 777 952 ad
808 907 960 948 Deum
993 918 1229 948 aceessum
1260 905 1385 947 facit.

59 980 205 1029 Quem
223 983 378 1019 autem
404 976 554 1019 adhuc
569 989 764 1031 peceare
783 977 1007 1028 delectat,
1033 989 1127 1017 non
1142 977 1329 1027 misum,
1349 977 1388 1017 si

53 1053 250 1091 mortem
268 1053 314 1090 et
325 1047 551 1102 judicium
566 1048 743 1088 timeat.
802 1048 984 1089 Bonum
1000 1051 1155 1088 tamen
1173 1051 1264 1098 est,
1282 1051 1333 1087 ut
1350 1048 1389 1087 si

54 1133 142 1161 nec
159 1119 265 1160 dum
283 1131 413 1160 amor
430 1118 587 1159 amalo
606 1122 652 1159 te
669 1122 875 1169 revocat,
888 1118 1053 1159 saltem
1062 1118 1202 1158 timor
1218 1115 1387 1171 gehen-

53 1191 173 1231 nalis
206 1194 434 1232 coereeat.
496 1190 587 1240 Qui
617 1201 728 1230 vero
768 1189 983 1235 tinlozrem
1013 1188 1104 1229 Dei
1134 1188 1387 1241 postponit,

57 1261 135 1302 diu
160 1265 283 1301 stare
308 1260 356 1300 in
379 1260 502 1302 bono
528 1273 621 1304 non
645 1259 839 1310 valebit,
875 1258 958 1300 sed
984 1258 1161 1299 diaboli
1193 1258 1387 1312 laqueos

60 1332 192 1373 eitius
209 1332 426 1372 incurret.

468 1768 732 1816 CAPUT
795 1769 979 1814 XXV.

131 1883 201 1926 De
222 1882 428 1941 ferventi
460 1884 764 1926 emendatione
802 1884 938 1925 totius
969 1883 1086 1925 vitae
1124 1890 1313 1925 nostrae.

142 2032 184 2072 1.
214 2014 342 2073 Esto
374 2032 571 2087 vigilans
605 2038 654 2074 et·
683 2032 880 2087 diligens
904 2033 951 2072 in
982 2032 1073 2073 Dei
1105 2032 1308 2081 servitio,
1345 2036 1389 2071 et

60 2105 215 2159 cogita
239 2104 524 2159 frequenter:
551 2105 619 2145 Ad
638 2105 747 2160 quid
771 2106 950 2156 venisti,
981 2109 1026 2145 et
1051 2118 1130 2146 eur
1153 2103 1388 2145 saeculum

58 2174 316 2229 reliquisti&
333 2175 498 2216 Nonne
516 2180 566 2215 ut
582 2176 684 2216 Deo
703 2176 882 2217 viveres
902 2182 948 2217 et
971 2175 1222 2229 spiritualis
1249 2172 1386 2214 homo

61 2243 224 2287 fieresit
248 2246 395 2300 Igitur
412 2245 471 2286 ad
486 2244 747 2299 profectum
764 2245 946 2288 ferveas
959 2277 969 2297 ‚
998 2247 1105 2300 quia
1128 2243 1386 2285 mercedem
