1530 2517
133 126 186 167 38
531 125 614 162 DE
652 126 1053 163 IMITATIONE

133 224 236 274 stia,
257 223 459 277 quamvis
475 234 560 263 rex
576 222 636 262 sit
652 221 725 262 vel
741 233 874 275 papa.
937 222 1047 272 Quis
1068 227 1158 273 est,
1186 223 1263 277 qui
1286 222 1448 264 melius

132 291 298 334 habet?
314 293 479 346 Utique
498 293 575 347 qui
591 304 673 345 pro
693 292 793 332 Deo
814 292 988 346 aliquid
1003 293 1101 345 pati
1116 293 1251 333 valet.

214 378 254 416 2.
286 376 457 417 Dicunt
471 376 603 416 multi
617 375 870 416 imbecilles
890 379 936 416 et
950 376 1135 416 infirmi:
1161 376 1296 426 Ecce,
1316 388 1450 430 quam

130 447 299 488 bonam
329 448 469 487 vitam
498 446 577 487 ille
610 444 746 485 homo
781 443 940 485 habet!
975 458 1109 499 quam
1140 446 1280 496 dives,
1316 458 1450 499 quam

130 528 337 570 magnus,
372 529 508 570 quam
537 520 702 569 potens
729 519 775 556 et
800 514 1030 555 excelsus!
1064 514 1157 557 Sed
1183 514 1365 555 attende
1393 514 1452 554 ad

133 586 357 627 coelestia
371 587 514 636 bona,
544 591 589 627 et
604 586 780 626 videbis
808 585 929 639 quod
950 586 1101 626 omnia
1116 586 1206 625 ista
1221 589 1449 638 tempora-

131 657 196 696 lia
212 656 338 696 nulla
355 661 480 707 sunt,
509 655 592 697 sed
614 655 747 696 valde
773 656 952 696 incerta
970 659 1016 695 et
1031 656 1177 709 magis
1195 656 1448 709 gravantia,

135 727 241 780 quia
257 739 484 780 nunquam
509 728 606 767 sine
631 724 938 766 sollicitudine
967 730 1012 766 et
1034 726 1198 766 timore
1215 725 1449 778 possiden-

131 800 219 836 tur.
279 795 384 837 Non
410 802 479 837 est
502 795 697 836 hominis
730 795 944 846 felicitas,
977 794 1147 836 habere
1178 795 1451 848 temporalia

134 865 194 905 ad
225 866 562 917 abundantiam,
596 865 679 907 scd
703 865 869 907 sufficit
894 866 938 907 ei
961 865 1270 907 mediocritas.
1328 865 1451 907 Vere

131 936 320 976 miseria
360 942 430 977 est
465 938 618 977 vivere
658 948 795 989 super
833 940 1016 977 terram.
1093 935 1272 984 Quanto
1313 933 1449 975 homo

132 1005 333 1047 voluerit
349 1019 450 1047 esse
476 1005 781 1059 spiritualior,
814 1009 942 1046 tanto
969 1018 1189 1059 praesens
1213 1008 1308 1047 vita
1332 1008 1383 1047 fit
1409 1007 1452 1048 ei

134 1078 356 1127 amarior,
385 1077 491 1130 quia
508 1076 645 1116 sentit
659 1075 821 1116 melius
841 1079 887 1116 et
901 1074 1027 1116 videt
1044 1076 1209 1118 clarius
1227 1076 1450 1117 humanae

135 1147 438 1200 corruptionis
458 1145 679 1187 defectus.
737 1144 856 1187 Nam
874 1145 1131 1197 comedere,
1148 1146 1320 1197 bibere,
1339 1147 1451 1200 vigi-

133 1218 247 1267 lare,
268 1216 490 1266 dormire,
511 1217 770 1270 quiescere,
789 1214 1003 1256 laborare
1024 1220 1069 1256 et
1087 1217 1280 1256 caeteris
1297 1228 1452 1256 neces·

137 1287 348 1328 sitatibus
366 1291 556 1326 naturae
574 1285 835 1338 subjacere,
859 1298 968 1327 vere
992 1297 1159 1340 magna
1182 1285 1368 1326 miseria
1387 1292 1456 1326 est

141 1363 187 1398 et
203 1356 389 1397 afflictio
407 1354 581 1396 homini
599 1355 767 1396 devoto
780 1385 792 1405 ‚
821 1355 897 1408 qui
923 1355 1119 1396 libenter
1137 1360 1258 1396 esset
1275 1355 1454 1396 absolu-

139 1432 210 1468 tus
230 1432 275 1468 et
290 1427 408 1468 liber
426 1426 481 1467 ab
501 1426 623 1466 omni
639 1429 846 1478 peccato.

225 1498 264 1538 3.
296 1496 444 1539 Valde
472 1496 590 1536 enim
615 1499 832 1549 gravatur
847 1495 1041 1536 interior
1057 1493 1193 1536 homo
1213 1495 1456 1535 necessita-

139 1567 261 1607 tibus
294 1566 609 1619 corporalibus
641 1566 688 1605 in
719 1563 808 1605 hoc
829 1565 1012 1605 mundo.
1073 1566 1200 1606 Unde
1226 1562 1458 1617 Propheta

143 1637 309 1677 devote
339 1640 500 1689 rogat,
535 1639 757 1689 quatenus
789 1634 906 1675 liber
938 1636 993 1676 ab
1025 1636 1125 1675 istis
1159 1647 1260 1675 esse
1291 1634 1457 1683 valeat,

143 1706 320 1747 dicens:
368 1706 447 1747 De
495 1705 947 1746 necessitatibus
993 1705 1128 1745 meis
1178 1716 1308 1745 erue
1353 1716 1456 1753 me,

140 1776 183 1817 D
196 1776 389 1817 omine.
451 1774 543 1817 Sed
562 1787 643 1816 vae
667 1787 758 1815 non
776 1776 1156 1829 cognoscentibus
1181 1787 1309 1815 suam
1324 1775 1457 1815 mise-

140 1847 279 1896 riam3
299 1850 344 1887 et
360 1846 552 1899 amplius
569 1857 654 1885 vae
671 1844 762 1885 illis
775 1875 787 1895 ,
809 1845 885 1898 qui
903 1844 1097 1899 diligunt
1112 1843 1230 1886 hanc
1244 1839 1458 1885 miseram

145 1920 191 1957 et
208 1916 548 1969 corruptibilem
565 1915 718 1955 vitam.
776 1914 894 1955 Nam
903 1915 950 1954 in
959 1919 1132 1955 tantum
1145 1915 1327 1969 quidam
1343 1912 1459 1955 hanc

145 1986 500 2039 amplectuntur,
533 1985 644 2026 licet
661 1985 797 2025 etiam
822 1985 897 2024 vix
921 1985 1182 2026 necessaria
1204 1983 1456 2025 laborando

145 2060 225 2095 aut
247 2055 547 2096 mendicando
575 2053 795 2104 habeant,
821 2059 872 2094 ut
895 2055 935 2094 si
960 2059 1148 2107 possent
1173 2052 1248 2095 hic
1280 2066 1459 2107 semper

143 2126 312 2176 vivere,
332 2125 388 2166 de
404 2137 547 2180 regno
566 2125 657 2166 Dei
671 2123 783 2164 nihil
802 2129 1025 2166 curarent.

141 2216 200 2223 ⁶-—

231 2267 262 2297 3.
290 2262 425 2297 Psalm.
444 2268 500 2303 24,
516 2267 555 2298 18
573 2264 643 2308 (25,
660 2264 727 2308 17).
