1530 2517
242 152 244 154 ψ
306 114 589 170 'cunlsm
646 132 1077 171 LlB.1V.CAP.1.
1284 135 1365 174 201

41 228 241 270 mediam
274 228 532 282 expendere
566 228 731 269 devote
762 229 870 269 novi
901 226 1088 270 horam}
1132 237 1177 272 et
1193 233 1365 272 utinam

3 314 5 352 ἦ
40 299 116 340 vel
132 299 277 340 semel
292 298 429 353 digne
447 297 545 339 fere
563 297 783 338 mediam!

4 370 5 379 ¹
123 370 163 410 5.
198 369 234 411 Ο
267 369 330 410 mi
359 369 510 418 Deus,
545 372 761 421 quantum
790 368 861 408 illi
893 369 951 410 ad
982 370 1253 423 placendum
1278 373 1360 413 tibi

4 428 5 454 ³
42 451 183 494 agere
216 436 508 480 studuerunt!
566 438 696 489 Heu,
732 451 866 492 quam
897 440 1112 493 pusillum
1146 448 1215 481 est
1243 441 1366 496 quod

0 499 1 527 ³
41 508 160 564 ago‘}
220 509 368 559 Quam
391 509 530 567 breve
550 508 714 561 expleo
734 513 937 563 tempus,
960 523 1060 551 cum
1077 523 1148 551 me
1169 511 1227 551 ad
1245 524 1365 552 com-

40 579 361 621 municandum
379 577 595 632 dispono!
644 578 768 619 Raro
787 583 912 620 totus
931 579 1167 632 collectus,
1184 583 1365 622 rarissi-

39 662 111 692 me
138 651 194 692 ab
221 651 344 691 omni
368 649 667 690 distractione
692 654 929 703 purgatus.
988 651 1048 691 Et
1073 656 1196 692 certe
1220 652 1267 691 in
1285 657 1365 692 tua

38 721 230 762 salutari
264 721 448 762 deitatis
474 719 738 773 praesentia
762 719 888 760 nulla
906 719 1096 761 deberet
1121 733 1362 762 occurrere

36 792 254 834 indecens
288 787 535 846 cogitatio,
561 789 687 830 nulla
714 790 850 830 etiam
877 803 1103 844 occupare
1130 796 1361 832 creatura:

39 863 146 916 quia
169 875 260 903 non
276 862 520 916 Angelum,
547 860 629 902 sed
645 859 925 914 Angelorum
956 861 1188 902 dominum
1210 875 1362 904 susce-

37 937 196 986 pturus
215 945 314 972 sum
332 930 549 986 hospitio.

122 1002 162 1043 6.
193 1003 278 1043 Est
294 1007 448 1043 tamen
469 1002 602 1043 valde
627 1015 796 1057 magna
823 1003 1041 1043 distantia
1064 1002 1185 1043 inter
1211 1014 1365 1043 arcam

39 1070 245 1112 foederis
272 1084 371 1112 cum
398 1073 492 1113 suis
517 1072 726 1126 reliquiis
754 1077 800 1113 et
823 1071 1168 1115 mundissimum
1195 1084 1366 1126 corpus

39 1147 167 1182 tuum
193 1155 293 1183 cum
318 1143 412 1184 suis
429 1140 742 1183 ineffabilibus
761 1142 1027 1192 virtutibus3
1058 1143 1177 1183 inter
1193 1141 1367 1197 legalia

40 1213 123 1253 illa
139 1213 368 1254 sacrificia
383 1212 644 1254 futurorum
660 1212 1020 1265 praefigurativa
1040 1218 1085 1252 et
1100 1224 1255 1252 veram
1269 1226 1363 1254 cor-

41 1283 168 1337 poris
189 1284 256 1324 tui
272 1281 486 1334 hostiam,
510 1283 710 1324 omnium
729 1283 1019 1336 antiquorum
1037 1282 1368 1324 sacrificiorum

44 1353 380 1408 completivam.

124 1426 165 1465 7.
200 1424 354 1474 Quare
380 1424 524 1479 igitur
548 1436 640 1465 non
662 1428 811 1478 magis
839 1424 897 1463 ad
917 1428 1039 1464 tuam
1060 1424 1369 1465 venerabilem

40 1495 283 1536 inardesco
303 1493 634 1548 praesentiam!
688 1496 779 1536 Cur
794 1506 886 1534 non
903 1494 1070 1547 majori
1087 1507 1158 1536 me
1177 1507 1368 1549 praepa-

40 1578 93 1605 ro
121 1565 433 1606 sollicitudine
462 1565 519 1606 ad
536 1573 618 1606 tua
642 1569 802 1606 sancta
826 1564 1071 1615 sumenda,
1101 1565 1281 1619 quando
1299 1565 1371 1605 illi

44 1636 218 1690 antiqui
236 1637 384 1677 sancti
400 1634 700 1676 Patriarchae
728 1640 774 1676 et
789 1634 1071 1689 Prophetae,
1099 1647 1235 1689 reges
1260 1648 1370 1689 quo-

45 1718 132 1758 que
160 1710 207 1746 et
229 1706 459 1759 principes
485 1719 586 1746 cum
608 1707 823 1747 universo
849 1706 1021 1760 populo
1040 1709 1215 1745 tantum
1233 1705 1369 1746 devo-

43 1775 184 1816 tionis
203 1775 577 1817 demonstrarunt
593 1775 810 1817 affectum
829 1788 941 1830 erga
958 1775 1127 1816 cultum
1146 1773 1373 1816 divinum&

128 1847 169 1887 8.
203 1845 400 1888 Saltavit
432 1846 754 1887 devotissimus
784 1858 869 1888 rex
892 1845 1044 1887 David
1077 1857 1233 1887 coram
1265 1857 1374 1885 arca

43 1916 135 1956 Dei
150 1917 262 1957 totis
280 1917 453 1958 viribus
465 1947 478 1968 ,
502 1917 716 1958 recolens
733 1916 959 1958 beneficia
977 1916 1087 1957 olim
1102 1915 1279 1956 indulta
1295 1927 1374 1968 pa-

45 1986 215 2036 tribus;
247 1985 360 2028 fecit
378 1987 544 2028 diversi
568 1987 753 2041 generis
779 1999 976 2041 organa,
1001 1986 1205 2040 psalmos
1231 1984 1376 2025 edidit

47 2061 93 2097 et
123 2058 301 2098 cantari
323 2058 524 2097 instituit
549 2070 650 2098 cum
672 2057 868 2107 laetitia,
896 2057 1061 2098 cecinit
1087 2060 1132 2097 et
1154 2055 1254 2108 ipse
1278 2053 1368 2095 fre-

47 2132 239 2180 quenter
253 2128 302 2168 in
320 2125 512 2177 cithara,
530 2127 717 2180 spiritus
735 2127 883 2168 sancti
901 2125 1079 2166 afflatus
1098 2126 1271 2179 gratia3
1291 2124 1369 2165 do-

47 2197 142 2236 cuit
155 2197 374 2250 populum
389 2197 536 2239 Israel
558 2202 658 2238 toto
686 2197 825 2238 corde
842 2197 992 2238 Deum
1009 2195 1200 2236 laudare
1226 2199 1271 2235 et
1289 2206 1369 2235 ore

48 2278 251 2309 consono
288 2267 448 2310 diebus
482 2267 673 2322 singulis
704 2266 980 2308 benedicere
1015 2271 1061 2307 et
1081 2264 1365 2319 praedicare.
