1530 2517
121 113 173 154 36
483 99 486 102 ’
520 113 603 150 DE
642 114 1041 151 ΙΜΙΤΑΤΙΟΝΕ

126 212 325 265 abjicere
350 214 505 263 potest
521 221 653 251 omne
670 209 1041 263 impedimentum
1067 210 1377 251 distractionis
1397 219 1442 252 et

125 281 183 322 ad
215 281 429 322 unionem
458 291 508 321 se
539 279 813 334 recolligere
846 284 1030 321 sanctae
1065 282 1437 334 compunctionis.

121 350 268 400 Felix,
289 350 366 403 qui
383 361 410 389 a
426 361 474 390 se
494 348 697 400 abdicat,
726 349 944 403 quidquid
969 351 1295 393 conscientiam
1311 364 1440 391 suam

119 420 351 461 maculare
377 423 531 473 potest
553 419 628 460 vel
652 431 859 473 gravare.
922 421 1059 461 Certa
1083 421 1296 462 viriliter:
1333 434 1436 462 con-

121 489 314 531 suetudo
351 488 678 530 consuetudine
701 489 908 531 vincitur.
970 489 1019 532 Si
1041 494 1091 530 tu
1116 490 1205 530 scis
1229 488 1436 532 homines

123 560 366 609 dimittere,
384 559 475 612 ipsi
489 559 606 601 bene
622 563 668 600 te
689 558 916 600 dimittent
930 564 1010 600 tua
1026 559 1151 603 facta
1167 559 1336 601 facere.

203 630 242 670 3.
275 629 379 670 Non
397 627 601 669 attrahas
625 628 709 669 tibi
731 641 807 670 res
834 629 1028 670 aliorum
1053 642 1138 671 nec
1160 634 1206 671 te
1230 630 1436 683 implices

121 701 293 741 caussis
318 699 557 753 majorum.
616 698 804 739 Habeas
829 711 1009 752 semper
1035 699 1215 740 oculum
1232 713 1369 753 super
1390 705 1436 741 te

118 772 326 824 primum,
341 773 385 810 et
403 767 650 809 admoneas
667 772 712 809 te
728 769 878 822 ipsum
895 769 1157 822 specialiter
1172 781 1282 822 prae
1296 771 1435 809 omni-

118 841 203 881 bus
229 840 312 880 tibi
337 838 541 879 delectis.
604 838 653 880 Si
675 851 767 879 non
792 837 933 880 habes
957 838 1164 880 favorem
1189 837 1435 890 hominum,

119 911 217 951 noli
235 922 291 951 ex
307 908 395 950 hoc
412 909 607 958 tristari3
633 908 715 949 sed
739 907 827 951 hoc
851 910 911 949 sit
927 909 1010 949 tibi
1026 921 1188 963 grave,
1217 910 1323 963 quia
1348 921 1438 949 non
1485 929 1489 939 α

120 979 263 1022 habes
295 985 341 1021 te
367 981 479 1020 satis
509 981 626 1020 bene
661 984 706 1020 et
730 980 1071 1031 circumspecte,
1106 979 1223 1026 sicut
1254 978 1439 1020 deceret

120 1051 212 1091 Dei
227 1062 406 1091 servum
426 1055 470 1090 et
487 1049 701 1091 devotum
722 1049 992 1103 religiosum
1011 1049 1284 1089 conversari.
1345 1049 1438 1089 Uti-

121 1120 210 1160 lius
237 1124 307 1161 est
337 1131 475 1173 saepe
503 1125 547 1160 et
578 1120 805 1169 securius,
840 1118 962 1172 quod
986 1116 1121 1158 homo
1147 1130 1238 1158 non
1272 1116 1441 1159 habeat

122 1190 288 1230 multas
315 1189 653 1231 consolationes
678 1190 724 1229 in
742 1187 828 1229 hac
851 1188 965 1237 vita,
992 1187 1240 1228 secundum
1258 1200 1440 1229 carnem

123 1261 382 1314 praecipue.
443 1260 618 1300 Tamen
643 1257 764 1312 quod
797 1257 971 1298 divinas
996 1269 1089 1297 non
1119 1255 1337 1298 habemus
1364 1264 1442 1298 aut

121 1331 271 1370 rarius
290 1330 530 1380 sentimus,
563 1341 647 1369 nos
664 1329 711 1369 in
737 1327 871 1380 culpa
895 1339 1046 1367 sumus
1060 1356 1071 1376 ,
1106 1327 1212 1380 quia
1230 1339 1440 1380 compun-

125 1401 322 1441 ctionem
347 1399 498 1441 cordis
523 1411 611 1440 non
639 1398 922 1453 quaerimus,
957 1409 1041 1437 nec
1064 1408 1204 1436 vanas
1232 1402 1277 1437 et
1294 1403 1440 1438 exter-

122 1482 205 1509 nas
224 1470 405 1510 omnino
425 1470 677 1523 abjicimus.

207 1539 246 1578 4.
281 1540 520 1593 Cognosce
557 1544 604 1580 te
642 1538 877 1592 indignum
916 1537 1070 1577 divina
1109 1537 1443 1589 consolatione,

127 1608 208 1649 sed
223 1611 370 1662 magis
389 1609 573 1663 dignum
588 1608 732 1648 multa
749 1608 1057 1649 tribulatione.
1092 1607 1283 1656 Quando
1303 1606 1440 1648 homo

127 1683 198 1720 est
212 1678 417 1732 perfecte
436 1683 744 1733 compunctus,
757 1682 864 1718 tunc
880 1677 1033 1731 gravis
1052 1681 1097 1717 et
1114 1689 1294 1718 amarus
1314 1682 1384 1719 est
1401 1678 1444 1719 ei

125 1754 249 1789 totus
266 1748 472 1805 mundus.
532 1750 687 1789 Bonus
706 1747 842 1789 homo
855 1747 1154 1788 sufficientem
1169 1747 1342 1788 invenit
1351 1760 1443 1788 ma-

128 1819 290 1859 teriam
315 1818 500 1859 dolendi
525 1824 570 1860 et
593 1817 745 1859 flendi.
806 1817 912 1859 Sive
939 1818 1058 1858 enim
1083 1830 1132 1858 se
1167 1817 1443 1874 considerat,

129 1890 224 1930 sive
244 1888 299 1930 de
316 1890 524 1942 proximo
543 1893 727 1942 pensat,
754 1888 840 1929 scit
865 1888 972 1942 quia
988 1900 1121 1929 nemo
1141 1888 1239 1929 sine
1256 1889 1443 1930 tribula-

127 1960 254 1999 tione
272 1957 346 1999 hic
360 1960 483 2000 vivit.
542 1960 603 2000 Et
619 1963 786 2013 quanto
814 1959 1012 1999 strictius
1039 1971 1141 1999 sese
1168 1958 1442 2009 considerat,

129 2034 255 2069 tanto
282 2029 474 2082 amplius
500 2029 640 2070 dolet.
699 2029 925 2070 Materiae
947 2029 1060 2082 justi
1093 2028 1267 2068 doloris
1301 2033 1347 2069 et
1377 2029 1443 2068 in-

128 2105 287 2140 ternae
319 2099 678 2152 compunctionis
711 2104 815 2139 sunt
844 2102 1034 2152 peccata
1067 2102 1114 2145 et
1142 2098 1237 2137 vita
1267 2102 1442 2148 nostra,

130 2170 290 2222 quibus
314 2171 380 2210 ita
402 2170 596 2210 involuti
615 2170 843 2223 Jacemus‚
876 2173 926 2208 ut
941 2180 1047 2208 raro
1085 2166 1305 2208 coelestia
1338 2179 1442 2208 con-

127 2240 338 2292 templari
356 2240 604 2280 valeamus.
