1530 2517
160 115 212 155 82
557 115 641 152 DE
678 115 1082 153 IMITATIONE

163 225 334 268 quere
360 217 418 252 tu
441 211 626 262 nobis,
657 216 710 253 et
734 211 1051 263 audiemus3
1084 224 1190 253 non
1215 212 1481 267 loquatur

164 283 325 324 nobis
364 282 658 333 Dominus,
706 295 770 323 ne
801 280 951 323 forte
990 282 1308 324 moriamur.
1376 281 1481 323 Non

163 355 230 394 sie
259 352 479 402 Domine,
512 363 605 392 non
628 351 695 392 sie
720 363 827 403 oro,
860 351 944 393 sed
966 352 1114 406 magis
1141 364 1242 393 cum
1267 351 1481 394 Samuele

101 458 104 461 .
167 421 398 476 Propheta
420 419 654 463 humiliter
685 434 739 462 ac
763 420 1081 463 desideranter
1112 422 1328 464 obsecro:
1376 422 1416 463 L
1430 434 1455 462 o
1467 444 1483 453 -

168 505 361 549 quere,
408 493 450 534 D
465 492 669 541 omine,
719 492 848 545 quia
894 491 1053 532 audit
1099 505 1293 534 servus
1339 497 1482 532 tuus.

162 563 268 605 Non
291 563 508 618 loquatur
529 560 642 602 mihi
656 562 847 616 Moyses
866 566 945 602 aut
962 561 1126 616 aliquis
1153 575 1209 603 ex
1223 560 1484 616 Prophetis,

165 634 248 676 sed
279 638 328 674 tu
357 633 510 687 potius
541 631 732 686 loquere
757 632 956 673 Domine
979 632 1130 683 Deus,
1161 632 1413 686 inspirator
1441 636 1487 672 et

163 705 446 745 illuminator
464 702 662 743 omnium
678 700 1036 756 Prophetarum,
1057 703 1162 757 quia
1177 706 1228 742 tu
1244 701 1370 743 solus
1389 702 1485 742 sine

166 777 231 817 eis
263 779 395 829 potes
428 786 499 814 me
530 773 736 826 perfecte
766 772 996 823 imbuere3
1027 772 1096 813 illi
1128 776 1279 813 autem
1311 772 1409 812 sine
1439 777 1484 811 te

162 844 276 886 nihil
290 844 545 899 proficient.
1050 889 1052 891 Ι

248 917 288 955 2.
320 915 519 955 Possunt
530 912 712 967 quidem
721 913 862 954 verba
878 924 1060 964 sonare,
1072 912 1155 955 sed
1172 913 1378 966 spiritum
1395 900 1484 951 non

165 984 418 1027 conferunt.
477 981 737 1024 Pulchriter
770 982 946 1034 dicunt,
989 983 1073 1024 sed
1109 987 1156 1024 te
1187 986 1369 1024 tacente
1405 993 1486 1022 cor

165 1068 256 1097 non
290 1053 555 1096 accendunt.
622 1053 825 1095 Litteras
856 1053 1064 1105 tradunt,
1113 1053 1195 1094 sed
1224 1058 1275 1093 tu
1306 1064 1487 1093 sensum

167 1127 332 1181 aperis.
392 1124 620 1178 Mysteria
635 1121 898 1176 proferunt,
925 1123 1009 1164 sed
1031 1127 1080 1164 tu
1102 1135 1285 1164 reseras
1309 1122 1487 1163 intelle-

168 1201 288 1238 ctum
305 1196 602 1250 signatorum.
661 1192 884 1234 Mandata
902 1192 1099 1244 edicunt,
1118 1193 1201 1234 sed
1215 1198 1266 1233 tu
1278 1193 1411 1246 juvas
1431 1191 1489 1232 ad

165 1264 508 1322 perficiendum.
566 1263 703 1305 Viam
721 1261 986 1313 ostendunt,
1012 1262 1094 1304 sed
1110 1267 1160 1303 tu
1178 1261 1413 1305 confortas
1432 1261 1490 1302 ad

167 1334 505 1376 ambulandum.
562 1333 636 1374 Illi
660 1331 775 1373 foris
794 1336 968 1373 tantum
994 1338 1156 1387 agunt,
1185 1332 1267 1374 sed
1282 1337 1333 1373 tu
1350 1332 1492 1374 corda

167 1406 355 1447 instruis
376 1408 421 1445 et
435 1403 681 1444 illuminas.
740 1402 815 1443 Illi
833 1403 1032 1444 exterius
1049 1403 1224 1457 rigant,
1245 1403 1327 1444 sed
1350 1408 1402 1443 tu
1423 1401 1488 1443 fe-

169 1475 445 1517 cunditatem
465 1473 624 1514 donas.
665 1472 738 1513 Illi
756 1471 955 1513 clamant
972 1473 1136 1523 verbis,
1149 1472 1230 1514 sed
1247 1478 1296 1513 tu
1314 1472 1490 1513 auditui

163 1546 516 1600 intelligentiam
532 1544 708 1585 tribuis.

249 1617 289 1657 3.
321 1616 425 1657 Non
444 1627 554 1669 ergo
573 1615 790 1668 loquatur
804 1611 917 1653 mihi
932 1613 1122 1666 Moyses
1134 1642 1146 1663 ,
1165 1612 1247 1653 sed
1262 1617 1313 1653 tu
1328 1612 1486 1654 Domi-

165 1698 222 1728 ne
238 1687 365 1728 Deus
391 1698 541 1736 meuS,
576 1689 765 1726 aeterna
787 1684 983 1734 veritas,
1017 1695 1074 1723 ne
1098 1681 1220 1724 forte
1244 1683 1417 1724 moriar
1444 1688 1489 1724 et

165 1758 263 1798 sine
287 1755 441 1797 fructu
467 1754 666 1806 efficiar,
695 1756 735 1795 si
751 1753 884 1796 fuero
901 1759 1078 1795 tantum
1095 1752 1210 1794 foris
1229 1753 1486 1794 admonitus

167 1831 212 1868 et
235 1827 356 1867 intus
379 1838 471 1866 non
497 1837 737 1875 accensum
771 1837 826 1865 ne
852 1825 912 1865 sit
935 1822 1046 1864 mihi
1072 1823 1129 1863 ad
1150 1822 1371 1878 judicium
1389 1834 1486 1862 ver-

163 1898 271 1938 bum
290 1896 495 1937 auditum
513 1900 559 1937 et
575 1907 666 1936 non
681 1894 876 1946 factum,
912 1894 1146 1949 cognitum
1170 1906 1255 1934 nec
1272 1896 1485 1942 amatum,

165 1966 387 2008 creditum
429 1970 477 2007 et
513 1978 606 2006 non
645 1970 889 2006 servatum.
965 1965 1004 2005 L
1017 1976 1042 2004 o
1057 1977 1123 2018 qu
1136 1975 1229 2005 ere
1280 1962 1486 2017 igitur,

166 2037 401 2079 Domine
418 2067 430 2087 ,
472 2037 602 2091 quia
649 2035 808 2076 audit
853 2047 1053 2076 servus
1099 2038 1228 2074 tuus
1247 2045 1258 2083 ;
1315 2032 1486 2073 verba

166 2107 312 2149 enim
358 2107 509 2148 vitae
557 2110 828 2148 aeternae
875 2103 1064 2146 habes.
1136 2103 1351 2158 Loquere
1375 2099 1487 2143 mihi

262 2249 295 2279 3.
324 2248 341 2280 1
360 2243 461 2280 Sam.
481 2248 513 2286 3,
534 2248 587 2278 10.
639 2245 773 2280 Joann.
793 2248 825 2285 6,
845 2248 899 2280 86.
