1530 2517
180 130 261 168 zio
589 127 672 164 DE
702 126 1101 163 IMITATIONE

626 384 887 431 CAPUT
954 385 1053 429 IV.

238 498 368 550 Quod
398 500 533 540 nmlta
568 498 681 539 bona
708 504 996 552 praestant-ar
1023 498 1173 540 devote
1206 498 1440 539 communi-

729 567 943 608 cantibus.

561 705 701 756 Vox
742 703 1112 756 D1sc1pnm.

258 857 297 896 1.
328 838 541 895 Domine
570 853 696 894 Deus
729 864 878 902 meus,
911 853 1127 906 praeveni
1159 864 1339 894 servum
1370 858 1498 892 tuum

174 927 569 968 benedictionibus
587 927 840 969 dulcedinis
857 930 980 977 tuae,
1004 931 1055 966 ut
1073 926 1131 967 ad
1145 931 1271 968 tuum
1291 928 1497 982 magnifi-
1529 937 1530 987 ζ

176 1011 276 1038 cum
293 1003 628 1038 sacramentum
645 998 781 1052 digne
801 1010 854 1037 ac
872 996 1036 1037 devote
1056 1009 1238 1039 merear
1256 998 1493 1039 accedere.
1529 990 1530 995 ¹

172 1068 336 1108 Excita
361 1080 441 1108 cor
463 1080 613 1108 meum
630 1069 676 1107 in
694 1073 759 1119 te,
788 1072 833 1110 et
858 1079 885 1107 a
910 1068 1040 1122 gravi
1055 1073 1244 1120 torpore
1272 1080 1388 1109 exue
1404 1081 1493 1109 me.

172 1139 323 1179 Visita
340 1150 410 1178 me
427 1138 474 1178 in
492 1138 680 1178 salutari
694 1144 772 1178 tuo
794 1137 852 1177 ad
865 1138 1139 1192 gustandum
1156 1139 1202 1178 in
1220 1139 1382 1192 spiritu
1392 1151 1493 1178 sua-

171 1209 361 1249 vitatem
385 1212 536 1258 tuam,
558 1219 674 1261 quae
697 1208 745 1247 in
769 1205 858 1248 hoc
883 1215 1169 1248 sacramento
1197 1211 1427 1261 tamquam
1448 1207 1495 1246 in

172 1277 301 1319 fonte
318 1278 523 1332 plenarie
547 1277 674 1318 latet.
734 1277 946 1318 Illumina
971 1290 1153 1332 quoque
1181 1278 1340 1319 oculos
1364 1289 1494 1318 meos

174 1349 233 1389 ad
254 1348 520 1389 intuendum
536 1352 712 1387 tantum
736 1348 1029 1401 mysterium,
1066 1353 1112 1389 et
1136 1347 1194 1388 ad
1219 1346 1496 1388 credendum
1517 1370 1518 1382 η

172 1419 287 1459 illud
310 1418 569 1460 indubitata
586 1418 675 1458 fide
702 1430 773 1458 me
798 1418 986 1458 robora.
1045 1418 1129 1458 Est
1147 1419 1265 1458 enim
1284 1418 1493 1470 operatio

172 1497 253 1531 tua
284 1503 376 1531 non
407 1488 605 1530 humana
635 1489 864 1542 potentia,
891 1492 972 1527 tua
996 1500 1129 1528 sacra
1152 1488 1377 1528 institutio
1405 1500 1517 1527 non

172 1559 369 1600 hominis
397 1560 673 1603 adinventio.
733 1558 838 1601 Non
862 1559 980 1599 enim
1002 1558 1060 1598 ad
1077 1556 1192 1598 haec
1211 1557 1434 1611 capienda
1453 1563 1499 1597 et

171 1629 475 1684 intelligenda
501 1629 665 1683 aliquis
690 1629 886 1669 idoneus
909 1641 993 1684 per
1021 1641 1070 1669 se
1094 1628 1344 1681 reperitur,
1378 1640 1496 1681 quae

175 1700 431 1754 angelicam
458 1700 595 1740 etiam
620 1698 920 1739 subtilitatem
948 1698 1313 1739 transscendunt.
1376 1697 1517 1746 Quid¹

174 1783 284 1824 ergo
306 1782 393 1824 ego
412 1773 629 1823 peccator
643 1768 872 1822 indignus,
896 1772 1020 1809 terra
1038 1772 1083 1809 et
1100 1768 1227 1818 cinis,
1244 1768 1303 1826 ,de
1320 1772 1413 1808 tam
1433 1767 1496 1807 al-

170 1845 219 1880 to
239 1852 371 1881 sacro
391 1843 570 1880 secreto
588 1843 751 1892 potero
771 1838 1052 1892 investigare
1072 1842 1118 1878 et
1135 1836 1328 1891 capere?

245 1911 285 1949 2.
318 1909 531 1959 Domine,
549 1910 596 1949 in
613 1909 906 1962 simplicitate
926 1908 1078 1949 cordis
1095 1909 1200 1958 mei,
1219 1908 1265 1948 in
1281 1908 1404 1948 bona
1421 1908 1495 1948 fir-

170 1992 245 2019 ma
261 1979 350 2021 fide
370 1980 477 2020 etin
493 1983 573 2019 ma
585 1979 792 2033 jussione
812 1978 870 2018 ad
886 1982 932 2018 te
947 1991 1048 2019 cum
1065 1990 1145 2031 spe
1165 1991 1218 2018 ac
1232 1978 1495 2018 reverentia

169 2049 362 2100 accedo,
391 2054 437 2090 et
452 2062 560 2090 vere
585 2049 722 2090 credo
735 2079 747 2100 ,
775 2049 882 2103 quia
898 2052 946 2088 tu
964 2061 1183 2101 praesens
1203 2060 1250 2088 es
1269 2045 1342 2088 hic
1358 2049 1404 2088 in
1422 2060 1492 2088 sa-

168 2124 416 2170 cramento,
436 2120 562 2160 Deus
583 2124 628 2160 et
644 2118 797 2159 homo.
857 2119 939 2160 Vis
959 2131 1070 2172 ergo
1083 2148 1094 2168 ‚
1113 2122 1164 2158 ut
1179 2122 1224 2158 te
1243 2119 1490 2172 suscipiam

169 2195 213 2230 et
236 2202 309 2230 me
334 2190 481 2242 ipsum
501 2189 583 2230 tibi
599 2191 646 2229 in
665 2190 855 2230 caritate
873 2190 1041 2228 uniam.
1100 2188 1230 2229 Unde
1247 2193 1372 2228 tuam
1389 2201 1489 2241 pre-

168 2272 247 2300 cor
279 2260 566 2304 clementiam
600 2264 646 2301 et
676 2259 923 2313 specialem
958 2259 1012 2298 ad
1042 2257 1130 2299 hoc
1154 2258 1349 2312 imploro
1379 2256 1489 2299 mihi
