1530 2517
135 144 212 183 112
537 145 621 181 DE
651 146 1055 184 IMITATIONE

135 241 304 282 timebo
316 245 512 282 mortem
523 241 858 283 neeinfernum.
890 243 1151 285 Dummodo
1163 245 1209 285 in
1221 249 1455 287 aeternum

134 323 207 351 me
225 323 316 350 non
333 311 551 365 projicias
570 324 655 352 nec
671 313 828 354 deleas
846 313 902 355 de
922 314 1039 355 libro
1057 315 1203 365 vitae,
1231 327 1321 356 non
1345 314 1455 357 mihi

135 380 334 431 nocebit,
355 380 575 435 quidquid
593 385 770 424 venerit
784 384 1095 425 tribulationis
1114 397 1251 439 super
1266 397 1353 426 me.

527 820 786 866 CAPUT
855 822 1068 867 XVIII.

260 933 390 985 Quod
419 936 677 988 temporales
709 935 910 977 miseriae
947 939 1137 992 exemplo
1176 936 1340 979 christu

447 1004 768 1059 aequanimiter
797 1014 901 1046 sunt
920 1005 1154 1061 ferendae.

220 1153 260 1191 4..
289 1134 411 1203 Fili,
446 1164 533 1207 ego
569 1151 786 1193 descendi
817 1151 874 1194 de
908 1152 1040 1194 coelo
1073 1166 1156 1208 pro
1182 1158 1262 1195 tua
1286 1153 1460 1203 salute;

138 1224 318 1278 suscepi
340 1230 443 1265 tuas
469 1225 679 1265 miserias
704 1236 796 1265 non
819 1225 1121 1276 necessitate,
1155 1223 1238 1265 sed
1266 1224 1458 1265 caritate

137 1293 368 1345 trahente,
393 1298 444 1334 ut
458 1295 730 1348 patientiam
749 1293 950 1335 disceres
970 1299 1017 1335 et
1030 1293 1310 1348 temporales
1326 1294 1460 1334 mise·

137 1366 232 1405 rias
249 1376 340 1405 non
356 1364 651 1418 indignanter
666 1363 829 1405 ferres.
883 1363 1003 1406 Nam
1021 1364 1076 1406 ab
1095 1363 1211 1406 hora
1229 1369 1355 1405 ortus
1371 1364 1463 1404 mei

138 1447 282 1489 usque
309 1434 367 1474 ad
393 1435 564 1474 exitum
588 1434 635 1474 in
663 1447 796 1475 cruce
815 1446 908 1475 non
926 1433 1074 1475 defuit
1088 1433 1196 1475 mihi
1214 1434 1463 1475 tolerantia

140 1505 329 1546 doloris.
382 1503 628 1545 Defectum
641 1516 797 1545 rerum
812 1505 1135 1558 temporalium
1152 1517 1365 1558 magnum
1382 1502 1461 1544 ha-

139 1575 237 1626 bui3
270 1574 437 1615 multas
464 1575 774 1629 querimonias
801 1574 857 1615 de
889 1587 962 1615 me
986 1574 1253 1629 frequenter
1285 1574 1461 1624 audivi3

140 1644 433 1686 confusiones
453 1649 500 1686 et
517 1645 765 1698 opprobria
781 1645 979 1699 benigne
997 1645 1212 1695 sustinui3
1230 1657 1312 1698 pro
1323 1644 1461 1685 bene-

139 1716 252 1756 ficiis
276 1714 650 1769 ingratitudinem
674 1715 855 1768 recepi,
880 1726 964 1768 pro
990 1715 1224 1756 miraculis
1250 1711 1460 1767 blasphe-

137 1786 267 1835 mias,
286 1797 369 1838 pro
389 1785 600 1826 doctrina
615 1782 1016 1838 reprehensiones.

220 1858 258 1895 2.
291 1856 511 1906 Domine,
539 1856 647 1910 quia
669 1859 720 1895 tu
744 1856 924 1908 pat-iens
951 1854 1081 1896 fuisti
1104 1856 1151 1895 in
1174 1854 1269 1895 vita
1285 1859 1386 1904 tua,
1412 1855 1459 1894 in

138 1924 226 1966 hoc
240 1927 436 1966 maxime
452 1924 683 1978 implendo
702 1931 998 1978 praeceptum
1014 1925 1157 1978 patris
1173 1925 1255 1974 tui,
1274 1923 1460 1978 dignum

139 2000 228 2045 est,
254 2000 306 2035 ut
330 2007 416 2049 ego
443 1995 647 2036 misellus
671 1999 890 2048 peccator
913 1995 1160 2036 secundum
1176 1994 1457 2036 voluntatem

135 2071 260 2105 tuam
276 2067 505 2118 patienter
520 2078 593 2106 me
612 2065 876 2116 sustineam,
897 2070 943 2106 et
959 2065 1108 2106 donec
1122 2066 1221 2118 ipse
1240 2064 1456 2114 volueris,

137 2148 249 2176 onus
269 2136 579 2189 corruptibilis
590 2136 712 2176 vitae
728 2148 811 2188 pro
831 2135 979 2176 salute
996 2147 1100 2176 mea
1115 2139 1308 2188 portem.
1341 2134 1458 2176 Nam

139 2206 225 2245 etsi
251 2218 450 2246 onerosa
473 2206 670 2246 sentitur
686 2217 905 2258 praesens
921 2205 1038 2256 vita,
1063 2203 1189 2246 facta
1213 2210 1283 2246 est
1305 2210 1457 2245 tamen

133 2277 225 2328 Jam
245 2277 532 2331 pergratiam
543 2280 667 2316 tuam
678 2275 812 2316 valde
829 2275 1080 2324 meritoria,
1094 2280 1228 2329 atque
1249 2274 1456 2326 exemplo
