1530 2517
287 102 292 108 ’
336 130 600 168 cnms'm
657 132 765 169 ωε.
796 132 864 167 1v.
898 132 1017 167 civ.
1051 133 1088 168 4.
1291 131 1370 172 211

52 227 211 268 donari
232 226 442 282 gratiam,
454 230 505 267 ut
520 230 643 266 totus
660 227 707 266 in
724 231 770 267 te
787 227 1020 281 liquefiam
1040 234 1084 267 et
1102 239 1258 268 amore
1273 240 1372 281 per-

52 296 254 349 effluam,
282 303 418 349 atque
446 297 502 337 de
528 297 654 336 nulla
672 297 823 338 aliena
841 297 1159 338 consolatione
1180 298 1372 351 amplius

50 380 122 408 me
139 368 453 409 intromittam.
509 369 592 409 Est
610 369 728 409 enim
746 367 835 409 hoc
853 368 1121 408 altissimum
1141 371 1187 408 et
1204 367 1371 421 dignis-

50 439 214 479 simum
231 443 567 479 sacramentum
585 438 708 478 salus
730 439 908 479 animae
928 443 973 478 et
990 438 1212 490 corporis,
1230 436 1372 477 medi-

51 509 152 549 cina
185 509 330 549 omnis
364 508 615 562 spiritualis
647 508 906 561 languoris:
946 509 993 548 in
1020 520 1108 562 quo
1135 508 1247 548 vitia
1269 519 1373 548 mea

52 583 281 630 curantur,
307 579 548 632 passiones
566 578 818 628 frenantur,
837 579 1116 618 tentationes
1135 578 1374 617 vincuntur

52 654 131 689 aut
146 650 428 700 minuuntur,
448 650 601 703 gratia
624 649 774 703 major
788 647 1066 698 infunditur,
1092 649 1235 688 virtus
1252 648 1373 688 ince-

50 723 130 773 pta
150 724 358 774 augetur,
377 719 583 760 firmatur
599 719 730 771 fides,
756 732 860 773 spes
877 719 1126 760 roboratur
1145 722 1191 758 et
1208 718 1374 758 caritas

51 790 248 844 ignescit
266 802 320 830 ae
338 789 569 831 dilatatur.

135 859 174 899 3.
206 859 355 900 Multa
371 872 567 914 namque
584 860 707 901 bona
723 860 916 913 largitus
940 872 1011 909 es,
1047 864 1092 900 et
1112 858 1260 900 adhuc
1277 872 1375 900 sae-

53 928 154 982 pius
172 929 357 983 largiris
374 930 421 970 in
447 936 735 971 sacramento
763 930 942 970 dilectis
959 930 1050 970 tuis
1069 930 1233 971 devote
1256 942 1376 970 com·

53 999 411 1051 municantibus,
437 1001 564 1042 Deus
589 1014 740 1051 meus,
775 1004 1014 1053 susceptor
1033 1000 1210 1040 animae
1227 1012 1374 1050 meae,

52 1074 296 1122 reparator
310 1070 588 1111 infirmitatis
606 1070 832 1111 humanae
852 1076 897 1111 et
911 1071 1054 1110 totius
1066 1069 1200 1109 dator
1214 1082 1375 1110 conso—

53 1138 239 1181 lationis
256 1141 478 1181 internae.
539 1141 657 1181 Nam
675 1141 864 1181 multam
880 1140 992 1194 ipsis
1012 1139 1375 1180 consolationem

54 1209 271 1250 adversus
303 1211 478 1250 variam
503 1212 847 1253 tribulationem
877 1209 1103 1259 infundis,
1132 1213 1177 1250 et
1201 1209 1256 1250 de
1280 1210 1372 1250 imo

53 1277 325 1332 dejectionis
343 1281 558 1334 propriae
578 1282 635 1322 ad
648 1295 775 1335 spem
789 1287 896 1322 tuae
906 1280 1206 1334 protectionis
1220 1281 1374 1334 erigis,

0 1340 3 1342 ’
54 1352 190 1402 atque
216 1361 337 1390 nova
362 1351 557 1404 quadam
582 1353 733 1406 gratia
760 1365 839 1393 eos
857 1353 978 1392 intus
1003 1362 1186 1391 recreas
1214 1354 1259 1390 et
1273 1350 1375 1390 illu-

53 1422 193 1458 stras:
224 1423 275 1460 ut
292 1421 369 1475 qui
387 1422 511 1462 anxii
528 1423 720 1476 primum
747 1429 792 1463 et
815 1423 914 1463 sine
937 1420 1182 1462 affectione
1201 1434 1249 1462 se
1270 1427 1374 1462 ante

55 1490 419 1531 communionem
436 1499 689 1544 senserant,
701 1498 865 1546 postea
878 1491 1045 1535 refecti
1060 1492 1160 1533 cibo
1172 1496 1374 1545 potuque

54 1560 246 1601 coelesti
261 1561 309 1600 in
325 1561 490 1602 melius
508 1576 558 1603 se
576 1568 776 1603 mutatos
793 1562 1039 1603 inveniant.
1089 1562 1224 1612 Quod
1239 1562 1374 1603 idcir-

55 1643 107 1670 co
143 1643 242 1671 cum
278 1631 436 1672 electis
462 1633 552 1673 tuis
580 1633 899 1686 dispensanter
931 1633 1030 1686 agis
1042 1663 1054 1682 ,
1078 1637 1128 1673 ut
1147 1633 1376 1673 veraciter

54 1706 308 1753 agnoscant
324 1706 370 1742 et
384 1706 595 1755 patenter
615 1703 928 1757 experiantur,
956 1708 1172 1757 quantum
1188 1703 1374 1742 infirmi·

51 1770 160 1810 tatis
188 1783 244 1811 ex
265 1784 315 1812 se
330 1772 442 1825 ipsis
461 1771 663 1814 habeant
688 1778 733 1814 et
751 1773 859 1827 quid
874 1774 1093 1813 bonitatis
1122 1786 1175 1813 ao
1194 1774 1373 1827 gratiae

54 1852 110 1880 ex
127 1846 171 1881 te
192 1847 541 1895 consequantur.
604 1843 723 1893 Quia
741 1855 798 1883 ex
815 1847 960 1883 semet
974 1844 1086 1896 ipsis
1104 1843 1275 1897 frigidi,
1296 1843 1374 1882 du-

50 1911 90 1950 ri
111 1915 156 1950 et
171 1910 390 1962 indevoti,
405 1925 461 1953 ex
476 1918 522 1953 te
542 1917 693 1954 autem
710 1912 956 1963 fer-ventes,
969 1913 1145 1954 alacres
1163 1918 1208 1954 et
1220 1913 1374 1953 devoti

53 1993 155 2021 esse
173 1986 418 2023 merentur.
454 1983 566 2033 Quis
586 1985 705 2024 enim
723 1983 781 2024 ad
791 1983 966 2024 fontem
983 1984 1221 2024 suavitatis
1231 1981 1374 2022 humi-

51 2050 160 2092 liter
177 2051 400 2093 accedens
417 2066 508 2094 non
523 2054 754 2095 modicum
771 2055 1010 2095 suavitatis
1026 2053 1131 2093 inde
1145 2050 1375 2106 reportat?

52 2122 141 2161 Aut
151 2122 250 2175 quis
263 2122 396 2175 juxta
414 2124 650 2176 copiosum
667 2125 822 2177 ignem
839 2129 963 2164 stans
981 2136 1071 2164 non
1082 2135 1242 2176 parum
1254 2122 1376 2163 calo-

53 2192 117 2232 ris
133 2191 240 2232 inde
250 2191 472 2246 percipit}
495 2194 612 2233 Ettu
622 2192 726 2234 fons
739 2206 786 2234 es
798 2206 979 2247 semper
988 2193 1148 2252 plenus
1164 2197 1210 2233 et
1220 2204 1374 2245 super·
1424 2199 1426 2201 “

54 2261 303 2313 abundans,
321 2263 440 2317 ignis
455 2263 630 2317 jugiter
648 2264 812 2305 ardens
835 2269 880 2305 et
896 2276 1124 2316 nunquam
1143 2263 1375 2304 deficiens.

956 2334 991 2372 Ο
1012 2335 1035 2372 2
