1530 2517
361 133 625 172 CHRISTI
683 133 791 169 Lm.
824 134 853 169 1.
887 134 1010 169 CAP.
1043 134 1107 169 25.
1345 134 1396 173 51

69 233 109 275 si
126 244 354 287 nunquam
378 230 612 285 indigeres
639 228 881 270 comedere
907 242 991 270 nec
1015 230 1174 271 bibere
1193 243 1277 272 nec
1295 231 1397 272 dor-

70 303 200 354 mire,
220 302 302 343 sed
318 313 672 355 semperposses
682 300 831 341 Deum
843 299 1033 340 laudare
1047 305 1092 341 et
1108 301 1397 342 solummodo

71 372 386 426 spiritualibus
403 371 567 413 studiis
579 382 767 421 vacare3
785 374 894 411 tunc
908 370 1052 411 multo
1071 370 1256 412 felicior
1274 385 1400 413 esses

73 455 209 497 quam
233 442 388 494 modo,
423 455 525 483 cum
551 441 678 482 carni
703 452 760 481 ex
793 440 1097 495 qualicunque
1122 443 1400 483 necessitate

72 513 231 554 servis.
291 513 475 553 Utinam
506 524 599 552 non
633 515 788 552 essent
817 512 937 552 istae
968 512 1285 563 necessitates,
1320 513 1403 553 sed

73 583 222 624 solum
240 582 503 637 spirituales
523 582 701 623 animae
717 580 1014 633 refectiones,
1029 595 1141 636 quas
1160 580 1270 623 heu!
1290 584 1402 624 satis

69 665 178 694 raro
199 652 510 707 degustamus.

156 724 225 764 10.
261 722 455 773 Quando
474 721 612 763 homo
633 721 689 762 ad
708 719 797 762 hoc
813 721 1041 777 pervenit,
1063 722 1186 776 quod
1204 722 1259 763 de
1278 722 1405 762 nulla

75 797 290 834 creatura
315 793 681 834 consolationem
706 804 836 832 suam
862 790 1064 846 quaerit,
1090 796 1199 833 tunc
1217 793 1404 834 eiDeus

74 863 220 917 primo
239 862 445 917 perfecte
470 874 635 916 sapere
651 862 833 915 incipit3
858 866 967 903 tunc
992 862 1131 903 etiam
1154 862 1272 904 bene
1300 875 1405 903 con-

73 938 226 975 tentus
260 933 317 974 de
351 934 475 974 omni
507 937 671 974 eventu
701 945 856 973 rerum
890 932 989 973 erit.
1050 933 1181 973 Tunc
1212 946 1297 974 nec
1321 946 1404 986 pro

73 1016 240 1058 magno
259 1003 509 1045 laetabitur
524 1015 608 1044 nec
625 1015 708 1056 pro
727 1002 909 1043 modico
930 1002 1297 1053 contristabitur,
1324 1003 1408 1044 sed

73 1075 205 1128 ponit
220 1086 270 1115 se
287 1073 467 1128 integre
487 1078 532 1114 et
547 1073 825 1114 fiducialiter
834 1073 1010 1123 inDeo,
1025 1074 1102 1127 qui
1116 1076 1186 1114 est
1198 1073 1241 1114 ei
1253 1074 1408 1113 omnia

73 1146 121 1186 in
148 1145 378 1195 omnibus3
413 1145 486 1185 cui
501 1142 615 1184 nihil
631 1145 790 1198 utique
814 1144 936 1197 perit
960 1156 1046 1185 nec
1070 1144 1288 1194 moritur,
1323 1143 1408 1184 sed

76 1215 230 1255 omnia
248 1214 292 1255 ei
306 1214 464 1255 vivunt
482 1218 528 1255 et
545 1213 604 1254 ad
619 1218 779 1254 nutum
794 1214 1110 1255 incunctanter
1127 1214 1403 1256 deserviunt.

159 1286 228 1325 11.
259 1285 493 1325 Memento
521 1297 703 1338 semper
728 1285 831 1325 finis
858 1289 904 1325 et
930 1285 1036 1339 quia
1061 1284 1291 1338 perditum
1314 1297 1408 1326 non

74 1354 198 1396 redit
220 1359 415 1408 tempus.
476 1353 583 1396 Sine
617 1353 930 1396 sollicitudine
957 1359 1004 1395 et
1031 1354 1274 1410 diligentia
1296 1369 1406 1395 nun-

77 1437 215 1479 quam
226 1425 436 1479 acquires
449 1425 655 1469 virtutes.
717 1424 766 1471 Si
776 1425 939 1484 incipis
949 1428 1203 1478 tepescere,
1214 1427 1408 1480 incipies

75 1495 196 1536 male
213 1493 400 1537 habere.
463 1494 513 1540 Si
540 1500 693 1536 autem
719 1494 902 1541 dederis
920 1499 966 1536 te
993 1495 1053 1535 ad
1077 1494 1323 1547 fervorem,
1341 1497 1407 1536 in-

74 1565 231 1606 venies
254 1577 470 1620 magnam
493 1577 654 1619 pacem
680 1570 726 1607 et
748 1565 919 1611 senties
944 1565 1167 1607 leviorem
1183 1566 1408 1616 laborem,

75 1639 266 1689 propter
281 1635 372 1677 Dei
388 1636 586 1690 gratiam
605 1639 650 1676 et
665 1636 846 1676 virtutis
865 1648 1084 1677 amorem.
1143 1636 1297 1677 Homo
1317 1635 1408 1678 fer-

76 1704 207 1746 vidus
227 1709 273 1746 et
289 1705 485 1760 diligens
505 1705 563 1746 ad
582 1707 736 1750 omnia
754 1711 825 1747 est
841 1710 1045 1760 paratus.
1104 1706 1260 1760 MaJOr
1275 1693 1411 1747 labor

78 1780 149 1816 est
162 1776 382 1817 resistere
398 1777 520 1821 vitiis
540 1781 586 1819 et
600 1777 915 1830 passionibus,
936 1789 1070 1831 quam
1090 1762 1408 1830 corporalibus

75 1845 294 1887 insudare
311 1846 562 1888 laboribus.
625 1847 715 1898 Qui
739 1860 908 1901 parvos
934 1860 1026 1888 non
1050 1848 1166 1887 vitat
1183 1846 1406 1897 defectus,

76 1916 300 1970 paulatim
324 1916 494 1958 labitur
519 1917 577 1958 ad
602 1918 820 1972 maj0res.
883 1916 1117 1959 Gaudebis
1135 1930 1317 1978 semper
1332 1930 1408 1958 ve-

79 1999 235 2040 spere,
262 1987 303 2027 si
321 1986 441 2028 diem
467 1988 698 2041 expendas
716 1988 969 2030 fructuose.
1028 1987 1186 2042 Vigila
1204 2000 1342 2043 super
1359 1992 1404 2027 te

77 2057 241 2110 ipsum,
262 2058 411 2099 excita
428 2061 473 2099 te
490 2058 654 2111 ipsum,
669 2058 863 2100 admone
881 2064 927 2099 te
943 2059 1092 2112 ipsum
1104 2071 1114 2108 3
1127 2062 1173 2099 et
1190 2057 1410 2112 quidquid

80 2126 137 2168 de
156 2127 258 2168 aliis
276 2128 349 2179 sit,
362 2140 454 2168 non
463 2128 674 2182 negligas
685 2133 731 2169 te
742 2131 905 2182 ipsum.
968 2130 1166 2169 Tantum
1176 2129 1406 2182 proficies,

81 2203 297 2252 quantum
313 2198 398 2239 tibi
414 2198 503 2251 ipsi
518 2199 608 2238 vim
625 2199 849 2239 intuleris.
909 2200 1064 2240 Amen.

341 2285 360 2295 a

603 2291 908 2312 *ogo-.—

985 2338 1070 2379 D2
