1530 2517
185 103 265 144 146
580 104 663 140 DE
701 104 1102 142 IMITATIONE

184 213 318 254 quam
343 201 432 242 sibi
445 201 535 254 ipsi
561 200 821 242 confidenti.
881 200 1017 242 Multi
1031 200 1175 240 multa
1190 199 1437 254 loquuntur
1455 207 1501 243 et

180 271 288 311 ideo
305 283 447 324 parva
459 270 573 312 fides
593 274 663 311 est
680 269 951 311 adhibenda.
987 269 1079 312 Sed
1097 274 1143 311 et
1159 272 1367 312 omnibus
1385 273 1497 313 satis

183 353 284 381 esse
301 352 393 381 non
411 344 481 381 est
495 341 731 394 possibile.
789 341 891 381 Etsi
905 339 1075 381 Paulus
1095 341 1301 381 omnibus
1324 341 1499 382 studuit

180 411 227 450 in
258 410 458 452 Domino
490 411 677 465 placere
710 415 756 451 et
793 411 1047 451 omnibus
1089 411 1272 451 omnia
1309 410 1498 453 factus

183 483 288 520 est:
319 484 474 522 tamen
492 481 631 522 etiam
654 493 751 534 pro
784 481 1008 522 minimo
1043 479 1221 531 duxit,
1255 480 1402 535 quod
1434 481 1498 522 ab

180 547 415 591 humano
450 550 541 593 die
569 551 860 606 judicatus
892 549 1016 591 fuit.

261 621 303 660 2.
334 621 444 675 Egit
466 622 577 662 satis
595 634 678 675 pro
705 621 901 662 aliorum
925 620 1246 662 aedificatione
1269 625 1315 662 et
1330 621 1494 672 salute,

181 694 397 744 quantum
428 692 475 731 in
506 704 557 732 se
583 696 683 732 erat
708 695 754 732 et
775 695 981 745 poterat3
1013 691 1097 732 sed
1119 703 1176 732 ne
1202 691 1258 731 ab
1285 691 1387 732 aliis
1413 691 1494 730 ali-

181 760 361 814 quando
384 760 669 815 judicaretur
693 761 768 803 vel
789 774 883 802 non
909 760 1243 814 despiceretur,
1278 759 1493 802 cohibere

120 870 123 871 γ
175 842 267 871 non
290 833 454 884 potuit.
514 831 624 873 Ideo
659 836 806 873 totum
829 832 930 872 Deo
966 831 1215 882 commisit,
1249 831 1326 885 qui
1350 835 1497 885 totum

173 906 379 952 noverat,
394 906 439 942 et
454 903 678 955 patientia
696 915 749 943 ac
759 901 1015 943 humilitate
1034 905 1194 960 contra
1208 914 1291 943 ora
1306 891 1497 955 loquen-

177 972 290 1011 tium
305 972 463 1026 iniqua
481 976 559 1012 aut
578 973 716 1014 etiam
732 985 849 1012 vana
874 985 928 1013 ac
951 972 1174 1014 mendosa
1198 971 1498 1025 cogitantium

181 1045 316 1095 atque
334 1054 417 1094 pro
435 1042 569 1082 libitu
586 1056 668 1083 suo
689 1055 896 1097 quaeque
910 1043 1181 1097 jactantium
1205 1054 1256 1083 se
1274 1040 1496 1082 defendit.

177 1110 432 1164 Respondit
453 1117 607 1153 tamen
630 1113 878 1162 interdum,
903 1125 961 1153 ne
985 1112 1175 1152 infirmis
1202 1123 1258 1153 ex
1281 1124 1366 1153 sua
1380 1113 1492 1152 taci-

177 1182 395 1222 turnitate
414 1187 714 1236 generaretur
729 1182 1009 1222 scandalum.

259 1251 298 1292 3.
333 1252 466 1301 Quis
513 1257 593 1303 tu,
642 1258 701 1292 ut
739 1253 940 1293 timeas
989 1264 1017 1292 a
1054 1252 1287 1293 mortali
1327 1251 1494 1293 homi-

176 1335 203 1360 n
216 1320 267 1362 e?
325 1321 479 1363 Hodie
498 1327 581 1372 est,
603 1327 647 1363 et
665 1335 764 1363 cras
782 1335 873 1363 non
891 1327 1139 1375 comparet.
1199 1322 1350 1363 Deum
1368 1323 1492 1373 time,

176 1397 221 1432 et
247 1391 475 1432 hominum
500 1398 703 1434 terrores
728 1405 819 1433 non
843 1405 1133 1446 expavesces.
1196 1392 1317 1442 Quid
1340 1398 1496 1446 potest

175 1463 340 1517 aliquis
364 1464 410 1503 in
441 1468 487 1504 te
518 1465 668 1504 verbis
703 1468 781 1503 aut
810 1460 1018 1516 injuriis&
1051 1462 1148 1504 Sibi
1170 1464 1324 1516 potius
1355 1469 1493 1504 nocet

174 1546 308 1587 quam
331 1533 412 1574 tibi
426 1564 437 1584 ,
471 1546 556 1574 nec
580 1534 749 1587 poterit
769 1533 992 1587 judicium
1016 1533 1107 1573 Dei
1133 1532 1360 1588 effugere,
1395 1534 1490 1588 qui-

173 1616 347 1657 cunque
373 1607 443 1644 est
457 1603 550 1644 ille.
611 1605 683 1643 Tu
700 1602 817 1643 habe
834 1604 983 1644 Deum
1001 1615 1110 1656 prae
1130 1603 1273 1644 oculis
1284 1635 1297 1655 ‚
1325 1608 1372 1645 et
1394 1604 1491 1644 noli

172 1673 448 1714 contendere
465 1674 616 1714 verbis
636 1673 907 1727 querulosis.
971 1672 1105 1722 Quod
1129 1674 1170 1714 si
1195 1673 1254 1714 ad
1269 1686 1487 1728 praesens

169 1747 219 1783 tu
227 1743 396 1784 videris
414 1744 707 1784 succumbere
727 1748 773 1784 et
790 1743 1107 1784 confusionem
1122 1743 1233 1797 pati,
1248 1755 1382 1797 quam
1398 1756 1490 1783 non

168 1814 394 1854 meruisti:
430 1826 485 1854 ne
512 1814 762 1868 indigneris
791 1825 847 1854 ex
869 1812 958 1854 hoc
981 1825 1130 1867 neque
1151 1826 1235 1867 per
1250 1814 1489 1866 impatien-

168 1883 279 1922 tiam
295 1883 472 1924 minuas
491 1896 708 1925 coronam
724 1889 864 1934 tuam,
876 1883 959 1924 sed
976 1883 1035 1923 ad
1051 1896 1123 1924 me
1139 1884 1291 1937 potius
1306 1884 1487 1936 respice

167 1953 212 1992 in
232 1952 424 2004 coelum,
438 1955 514 2008 qui
530 1958 692 2007 potens
711 1966 810 1994 sum
821 1955 1000 2008 eripere
1011 1954 1066 1994 ab
1079 1955 1202 1995 omni
1214 1952 1484 1996 confusione

169 2028 214 2063 et
230 2024 409 2077 injuria,
424 2029 470 2064 et
485 2025 728 2078 unicuique
745 2023 942 2066 reddere
960 2024 1207 2066 secundum
1225 2036 1367 2078 opera
1383 2036 1480 2065 sua.

262 2136 292 2166 1.
322 2136 339 2169 1
353 2132 521 2168 Corinth·
539 2136 571 2175 9,
590 2137 646 2169 22.
696 2133 754 2169 Ib.
772 2138 806 2176 4,
823 2138 856 2169 3.
881 2155 929 2162 —
976 2138 1010 2170 3.
1037 2136 1116 2170 Jes.
1136 2138 1192 2176 51,
1213 2138 1266 2170 12.

667 2243 992 2266 *CBD-*—
