1530 2517
259 141 522 180 CHRISTI
578 143 688 178 Lm.
720 142 791 178 ΙΙΙ.
828 143 948 179 ΟΑΡ.
982 144 1048 179 40.
1066 145 1132 180 41.
1278 144 1360 184 153

450 399 712 446 CAPUT
780 401 932 445 XLI.

181 513 253 557 De
285 520 507 557 contemta
542 515 680 556 onmis
714 513 969 570 temporalis
1001 515 1196 558 honoris.

110 665 151 706 1.
180 643 310 712 Fili,
337 661 435 702 noli
450 662 535 703 tibi
554 661 809 715 attrahere,
836 664 874 704 si
893 662 1050 704 videas
1074 663 1190 704 alios
1209 661 1351 706 hono-

24 732 119 773 rari
138 736 184 773 et
201 732 392 782 elevari,
411 736 456 773 te
477 738 630 774 autem
648 733 822 788 despici
841 738 887 775 et
903 731 1148 773 humiliari.
1210 735 1350 789 Erige

26 815 106 844 cor
121 806 250 844 tuum
268 801 327 843 ad
343 815 416 844 me
432 803 479 843 in
498 804 691 856 coelum,
705 809 750 846 et
764 816 857 845 non
876 803 1166 845 contristabit
1182 809 1228 845 te
1248 817 1352 846 con-

24 876 191 914 temtus
208 871 443 914 hominum
458 874 506 914 in
523 875 674 915 terris.

109 944 150 983 2.
181 943 397 995 Domine,
410 945 458 985 in
477 945 701 986 caecitate
720 956 874 986 sumus
894 948 940 985 et
951 943 1154 984 vanitate
1175 944 1264 985 cito
1284 957 1354 986 se-

28 1012 248 1055 ducimur.
310 1013 361 1056 Si
374 1019 502 1056 recte
519 1028 591 1056 me
608 1015 803 1069 inspicio
815 1045 828 1065 ,
854 1026 1085 1068 nunquam
1101 1013 1215 1055 mihi
1230 1014 1358 1056 facta

27 1089 97 1126 est
111 1085 281 1138 injuria
299 1085 356 1126 ab
375 1085 531 1140 aliqua
549 1090 784 1136 creatura,
810 1084 932 1125 unde
957 1097 1042 1126 nec
1062 1085 1187 1139 juste
1205 1083 1354 1127 habeo

24 1155 246 1209 conqueri
278 1154 522 1197 adversum
547 1159 608 1197 te.
670 1156 792 1206 Quia
823 1159 976 1196 autem
1008 1154 1277 1211 frequenter
1310 1162 1357 1199 et

23 1226 228 1281 graviter
258 1227 447 1279 peccavi
479 1226 584 1277 tibi,
625 1227 792 1267 merito
835 1230 1039 1267 armatur
1080 1231 1241 1268 contra
1280 1241 1353 1269 me

23 1296 169 1338 omnis
188 1300 414 1337 creatura.
473 1295 591 1337 Mihi
614 1297 758 1351 igitur
776 1296 901 1350 juste
920 1296 1114 1337 debetur
1139 1297 1350 1340 confusio

23 1372 70 1409 et
87 1371 366 1417 contemtus,
391 1366 478 1407 tibi
502 1371 655 1407 autem
672 1366 796 1417 laus,
824 1364 974 1406 honor
998 1370 1045 1407 et
1067 1366 1233 1421 gloria.
1294 1369 1354 1410 Et

20 1437 112 1478 nisi
127 1449 200 1478 me
219 1436 277 1477 ad
294 1435 384 1478 hoc
398 1449 739 1491 praeparavero
751 1467 764 1488 ,
784 1436 907 1491 quod
923 1436 1061 1478 velim
1077 1437 1276 1480 libenter
1293 1440 1350 1480 ab

25 1508 150 1549 omni
167 1512 380 1550 creatura
397 1507 573 1561 despici
598 1512 644 1548 et
666 1507 867 1561 relinqui
884 1511 1020 1561 atque
1037 1509 1219 1562 penitus
1236 1508 1352 1551 nihil

20 1578 183 1630 videri,
200 1590 294 1620 non
309 1590 497 1633 possum
512 1578 704 1619 interius
721 1577 959 1630 pacificari
977 1582 1023 1618 et
1037 1578 1250 1630 stabiliri,
1265 1592 1350 1622 nec

21 1649 326 1704 spiritualiter
341 1648 592 1691 illuminari
607 1660 756 1702 neque
773 1647 909 1702 plene
925 1648 1011 1690 tibi
1027 1650 1160 1692 uniri.
