1530 2517
131 100 147 135 rh

158 98 181 135 ,ΓΔ

187 98 211 135 μ

529 95 1045 139 DE1M1TAT10NE

512 406 773 453 CAPUT
834 407 1073 453 XXXV.

174 520 304 571 Quod
332 535 420 562 non
452 526 518 561 est
546 520 758 561 securitas
791 534 818 560 a
851 521 1095 561 tentatione
1125 520 1170 560 in
1205 520 1288 561 hac
1311 520 1420 561 vita.

217 670 257 709 1.
288 650 410 718 Fili,
450 678 679 721 nunquam
710 679 898 708 securus
941 678 989 706 es
1020 665 1068 704 in
1098 664 1186 707 hac
1214 666 1331 716 vita,
1372 665 1454 706 sed

136 739 288 792 quoad
303 739 472 779 vixeris
485 769 495 788 ,
522 751 703 793 semper
729 749 856 778 arma
873 735 1131 790 spiritualia
1146 736 1231 776 tibi
1252 738 1357 776 sunt
1378 747 1455 775 ne-

135 810 350 849 cessaria.
409 810 533 850 Inter
547 807 706 849 hostes
723 808 921 849 versaris
933 837 944 857 ,
973 811 1018 847 et
1045 818 1072 845 a
1089 805 1262 846 dextris
1289 809 1335 846 et
1354 816 1381 844 a
1399 805 1456 844 si-

131 879 286 919 nistris
302 879 600 933 impugnaris.
643 878 692 920 Si
710 890 819 932 ergo
839 890 930 917 non
946 877 1090 917 uteris
1107 874 1306 930 undique
1324 879 1453 916 scuto
1478 867 1482 877 ζ

130 949 395 1001 patientiae,
412 961 504 988 non
525 949 614 990 eris
633 948 711 988 diu
727 949 825 988 sine
842 946 1044 987 vulnere.
1084 945 1289 998 Insuper,
1309 945 1348 984 si
1364 956 1457 984 non

131 1019 264 1072 ponis
284 1031 364 1060 cor
378 1023 506 1059 tuum
522 1018 610 1059 fixe
627 1019 674 1058 in
690 1030 763 1059 me
783 1029 884 1058 cum
899 1028 1028 1056 mera
1044 1015 1277 1055 voluntate
1297 1018 1458 1055 cuncta

130 1089 337 1143 patiendi
353 1093 544 1143 propter
558 1101 631 1128 me
643 1119 654 1139 ,
690 1101 782 1128 non
798 1087 973 1141 poteris
1000 1085 1214 1125 ardorem
1229 1086 1367 1124 istum
1385 1097 1456 1124 su-

132 1159 300 1200 stinere
317 1171 404 1200 nec
421 1158 478 1198 ad
495 1159 692 1212 palmam
703 1158 849 1211 pertin
854 1169 966 1210 gere
974 1157 1231 1196 beatorum.
1263 1154 1459 1207 Oportet

131 1235 177 1269 te
204 1241 315 1283 ergo
341 1228 537 1269 viriliter
563 1229 716 1269 omnia
740 1227 1020 1281 pertransire
1051 1229 1096 1266 et
1119 1224 1296 1278 potenti
1319 1236 1458 1264 manu

130 1299 199 1339 uti
216 1298 434 1340 adversus
453 1299 651 1352 objecta.
710 1297 829 1339 Nam
844 1297 1042 1337 vincenti
1064 1295 1196 1335 datur
1212 1306 1392 1345 manna,
1413 1298 1458 1335 et

130 1369 334 1422 torpenti
348 1368 623 1423 relinquitur
639 1367 783 1408 multa
799 1366 1000 1407 miseria.

215 1454 256 1493 2.
290 1452 339 1494 Si
358 1453 541 1507 quaeris
560 1452 608 1492 in
624 1450 712 1492 hac
727 1451 822 1491 vita
844 1450 1075 1504 requiem,
1104 1449 1333 1504 quomodo
1352 1453 1461 1490 tunc

132 1523 372 1577 pervenies
407 1522 466 1562 ad
496 1525 732 1563 aeternam
754 1519 990 1574 requiem}
1029 1519 1134 1561 Non
1157 1532 1302 1573 ponas
1329 1523 1374 1559 te
1402 1518 1461 1559 ad

131 1592 320 1634 multam
330 1593 551 1646 requiem,
563 1591 646 1632 sed
661 1590 720 1631 ad
735 1602 949 1644 magnam
960 1590 1242 1643 patientiam.
1278 1589 1460 1638 Quaere

133 1675 288 1702 veram
298 1674 474 1715 pacem,
488 1674 579 1702 non
596 1662 643 1701 in
654 1661 805 1711 terris,
820 1659 965 1701 sedin
984 1659 1141 1709 coelis,
1154 1672 1243 1700 non
1260 1660 1305 1699 in
1316 1658 1461 1699 homi·

134 1733 267 1772 nibus
284 1744 370 1773 nec
384 1733 431 1771 in
450 1733 645 1773 caeteris
664 1732 903 1780 creaturis,
923 1730 1005 1771 sed
1021 1731 1068 1770 in
1083 1730 1185 1770 Deo
1205 1729 1322 1770 solo.
1368 1728 1458 1769 Pro

138 1814 294 1843 amore
305 1802 397 1843 Dei
414 1801 554 1842 debes
574 1801 727 1841 omnia
744 1800 942 1841 libenter
958 1800 1126 1850 subire,
1138 1799 1323 1840 labores
1341 1798 1462 1839 scili-

139 1876 212 1913 cet
237 1876 283 1912 et
309 1871 518 1921 dolores,
544 1871 848 1921 tentationes,
872 1870 1163 1919 vexationes,
1190 1869 1461 1918 anxietates,

140 1942 440 1983 necessitates
452 1972 465 1992 ,
483 1941 773 1981 infirmitates
785 1970 796 1991 ,
814 1940 1021 1994 injurias,
1043 1939 1375 1988 oblocutiones,
1391 1949 1463 1978 re-

141 2011 487 2066 prehensiones,
507 2010 866 2060 humiliationes,
887 2009 1197 2059 confusiones,
1217 2007 1464 2049 correctio-

142 2095 222 2123 nes
243 2087 288 2123 et
305 2082 639 2135 despectiones.
700 2080 831 2120 Haec
845 2079 1006 2132 juvant
1023 2078 1080 2118 ad
1097 2078 1331 2126 virtutem,
1350 2074 1464 2117 haec

141 2153 340 2205 probant
364 2150 534 2194 Christi
562 2151 781 2200 tironem,
815 2147 930 2189 haec
954 2146 1181 2187 fabricant
1212 2147 1461 2188 coelestem

144 2234 374 2262 coronam.
443 2223 542 2273 Ego
583 2218 774 2260 reddam
813 2217 1070 2259 mercedem
1113 2221 1344 2257 aeternam
1376 2227 1458 2265 pro
