1530 2517
341 117 605 155 CHRISTI
660 117 755 153 Llss.
786 117 817 152 1.
851 117 957 153 CAP.
990 116 1057 152 11.
1313 112 1366 152 17

117 214 156 254 4.
192 212 238 256 Si
259 215 523 264 niteremur,
543 217 661 255 sicut
677 213 761 254 viri
780 212 943 263 fortes,
963 216 1087 253 stare
1106 213 1150 251 in
1167 224 1250 265 pro
1259 210 1366 261 elio,

32 283 244 338 profecto
273 283 492 324 auxilium
517 284 707 325 Domini
739 295 879 338 super
902 295 988 324 nos
1021 282 1281 323 rideremus
1309 281 1365 323 de

32 353 181 395 coelo.
240 354 342 408 Ipse
363 354 482 406 enim
508 359 736 396 certantes
764 358 810 395 et
826 354 883 396 de
901 366 985 395 sua
1009 353 1161 408 gratia
1179 364 1366 406 speran-

29 431 97 465 tes
121 430 310 478 paratus
338 429 408 465 est
442 424 684 478 adjuvare:
720 424 798 479 qui
820 424 954 466 nobis
990 423 1199 465 certandi
1233 435 1364 464 occa-

27 494 183 535 siones
200 500 440 547 procurat,
467 501 518 536 ut
535 496 782 536 vincamus.
844 494 894 537 Si
910 499 1086 535 tantum
1103 494 1150 534 in
1166 494 1267 534 istis
1287 506 1361 534 ex-

27 563 276 604 terioribus
296 565 602 607 observantiis
614 565 873 620 profectum
881 565 1123 619 religionis
1135 565 1361 618 ponimus,

29 633 119 674 cito
147 633 283 685 finem
309 633 497 676 habebit
522 636 707 677 devotio
733 640 907 677 nostra.
970 634 1063 677 Sed
1082 634 1140 675 ad
1155 634 1362 676 radicem

28 705 224 745 securim
241 717 479 758 ponamus,
502 713 550 747 ut
566 707 752 761 purgati
769 719 796 746 a
812 706 1103 760 passionibus
1122 705 1360 758 pacificam

28 780 225 815 mentem
242 776 578 829 possideamus.

112 845 152 885 5.
187 845 237 887 Si
255 847 377 887 omni
395 859 513 888 anno
532 861 671 888 unum
687 848 848 888 vitium
868 847 1226 900 exstirparemus
1238 875 1250 896 ‚
1271 846 1361 886 cito

29 915 116 956 viri
153 915 348 970 perfecti
389 918 689 960 efficeremur.
752 917 845 960 Sed
882 917 1021 958 modo
1065 930 1091 958 e
1131 916 1361 958 contrario

29 997 170 1040 saepe
188 988 425 1039 sentimus,
443 995 494 1029 ut
509 989 730 1030 meliores
750 993 796 1030 et
810 989 1024 1043 puriores
1042 988 1088 1028 in
1105 987 1238 1028 initio
1259 999 1364 1027 con-

27 1057 255 1098 versionis
283 1070 366 1098 nos
392 1058 536 1100 fuisse
561 1059 870 1111 inveniamus,
906 1071 1039 1114 quani
1065 1064 1173 1112 post
1195 1057 1365 1097 multos

30 1138 174 1167 annos
213 1128 535 1181 professionis.
594 1130 772 1171 Fervor
805 1134 852 1171 et
880 1129 1117 1183 profectus
1159 1126 1366 1183 quotidie

29 1196 222 1238 deberet
246 1211 479 1250 crescere;
512 1200 594 1241 sed
628 1214 747 1241 nunc
781 1213 864 1254 pro
892 1212 1060 1254 magno
1088 1198 1293 1248 videtur,
1327 1198 1365 1238 si

30 1268 130 1321 quis
156 1269 292 1321 primi
317 1268 513 1310 fervoris
540 1278 717 1324 partem
742 1276 902 1324 posset
923 1271 1141 1311 retinere.
1205 1269 1254 1310 Si
1270 1281 1366 1308 mo-

31 1337 180 1378 dicam
196 1338 465 1379 violentiam
482 1340 741 1381 faceremus
759 1342 806 1380 in
823 1342 1064 1394 principio,
1077 1346 1186 1380 tunc
1201 1346 1367 1393 postea

32 1416 194 1449 cuneta
211 1421 451 1462 possemus
469 1409 627 1452 facere
647 1424 747 1452 cum
764 1411 953 1452 levitate
974 1418 1019 1451 et
1035 1408 1223 1464 gaudio.

120 1479 159 1520 6.
195 1480 346 1521 Grave
377 1486 447 1521 est
475 1487 661 1521 assueta
686 1481 937 1537 dimittere3
971 1479 1053 1520 sed
1079 1481 1263 1533 gravius
1293 1485 1363 1519 est

37 1556 197 1591 conti-a
222 1550 456 1602 propriam
480 1550 764 1590 voluntatem
790 1552 873 1590 ire.
936 1548 1025 1590 Sed
1046 1550 1082 1589 si
1101 1562 1192 1589 non
1220 1550 1359 1589 vincis

36 1634 177 1675 parva
191 1628 237 1662 et
252 1621 387 1670 levia,
409 1618 589 1672 quando
611 1620 848 1671 superabis
870 1616 1159 1658 difficilioraZ
1185 1619 1360 1658 Resistet

34 1694 81 1732 in
99 1691 323 1744 principio
342 1689 630 1730 inclinationi
649 1695 777 1738 tuae,
801 1693 846 1728 et
861 1688 1030 1727 malam
1050 1687 1234 1727 dedisce
1255 1701 1359 1727 con-

37 1755 348 1809 suetudinem,
373 1772 431 1800 ne
449 1758 571 1799 forte
593 1758 812 1811 paulatim
831 1757 887 1798 ad
905 1758 1130 1811 majorem
1153 1763 1200 1798 te
1227 1758 1364 1797 ducat

39 1829 374 1870 difficultatem.
437 1829 474 1869 O
493 1829 530 1868 si
551 1828 839 1878 adverteres,
869 1834 1083 1882 quantam
1101 1827 1185 1867 tibi
1204 1840 1361 1880 pacem

41 1906 88 1941 et
119 1899 221 1940 aliis
254 1899 478 1939 laetitiam
510 1884 691 1938 faceres
721 1903 768 1937 te
798 1897 947 1950 ipsum
979 1898 1096 1938 bene
1135 1895 1362 1946 habendo,

42 1975 168 2024 puto,
182 1968 306 2023 quod
325 1968 570 2009 sollicitior
589 1981 714 2009 esses
728 1967 786 2008 ad
797 1967 1080 2021 spiritualem
1092 1966 1362 2020 profectum.
