1530 2517
156 140 209 177 &4
560 143 641 179 DE
675 143 1070 180 IMITATIONE

573 368 831 416 CAPUT
899 370 1058 415 VIII.

459 481 530 524 De
550 482 781 539 familiari
812 483 1010 524 amicitia
1042 483 1161 525 Jesu.

232 628 272 666 1.
308 608 513 680 Quando
538 629 672 672 Jesus
699 631 851 683 adest,
884 637 1030 673 totum
1062 633 1232 673 bonum
1266 625 1357 683 est,
1390 645 1474 673 nec

150 698 397 753 quidquam
423 701 607 744 difficile
634 703 837 753 videtur3
872 704 1052 758 quando
1079 716 1188 744 vero
1216 703 1350 744 Jesus
1382 715 1476 743 non

148 767 293 819 adest,
311 774 456 810 totum
476 771 637 812 durum
655 778 737 814 est.
801 773 992 823 Quando
1010 774 1034 814 J
1040 786 1143 813 esus
1159 774 1280 814 intus
1298 785 1390 814 non
1406 772 1473 813 lo-

149 839 314 891 quitur,
334 842 591 882 consolatio
609 843 711 883 vilis
732 848 822 894 est3
849 844 887 883 si
906 847 1057 884 autem
1073 843 1206 884 Jesus
1223 855 1361 882 unum
1376 846 1473 882 tan·
1513 889 1517 899 ἶ

147 913 242 948 tum
272 910 461 951 verbum
492 911 716 966 loquitur,
756 925 924 967 magna
964 912 1220 954 consolatio
1263 912 1472 952 sentitur.

149 977 312 1020 Nonne
328 980 480 1021 Maria
495 982 776 1036 Magdalena
801 984 956 1023 statim
973 983 1172 1024 surrexit
1190 982 1245 1022 de
1270 982 1375 1023 loco
1388 1011 1399 1032 ,
1425 982 1472 1021 in

150 1060 239 1101 quo
273 1047 420 1100 flevit,
463 1051 643 1105 quando
677 1051 862 1093 Martha
892 1053 962 1093 illi
1001 1052 1135 1093 dixit:
1190 1052 1474 1105 Magister

151 1118 314 1160 adest
346 1124 400 1161 et
428 1133 494 1162 vo
509 1127 598 1162 cat
627 1121 709 1163 te?
740 1122 874 1163 Felix
889 1120 1026 1172 hora,
1047 1121 1227 1176 quando
1244 1121 1378 1163 Jesus
1395 1133 1473 1161 vo-

151 1193 225 1229 cat
242 1188 299 1230 de
316 1189 532 1244 lacrymis
552 1190 609 1231 ad
627 1191 844 1245 gaudium
863 1191 1068 1246 spiritus!
1090 1192 1238 1242 Quam
1256 1190 1409 1232 aridus
1430 1195 1476 1230 et

151 1258 289 1300 durus
309 1271 357 1300 es
375 1261 474 1302 sine
489 1260 620 1301 Jesu!
643 1261 789 1311 Quam
805 1263 1025 1316 insipiens
1045 1267 1090 1303 et
1105 1274 1271 1312 vanus,
1290 1261 1329 1301 si
1347 1261 1473 1314 cupis

151 1328 325 1383 aliquid
344 1335 474 1370 extra
496 1330 673 1372 Jesum!
701 1331 864 1373 Nonne
882 1330 971 1373 hoc
995 1336 1066 1374 est
1080 1332 1227 1386 majus
1246 1331 1473 1380 damnum,

150 1411 285 1452 quam
302 1399 343 1439 si
358 1404 503 1440 totum
521 1400 740 1454 perderes
758 1401 1000 1443 mundum?

231 1471 271 1509 2.
306 1469 427 1519 Quid
457 1475 613 1524 potest
643 1472 727 1513 tibi
751 1472 944 1513 mundus
978 1472 1189 1514 conferre
1215 1474 1312 1514 sine
1336 1470 1473 1513 Jesuit

148 1539 262 1580 Esse
280 1541 378 1581 sine
395 1540 505 1581 Jesu
523 1542 676 1595 gravis
704 1547 774 1582 est
797 1542 1026 1594 infernus,
1056 1547 1101 1584 et
1119 1555 1220 1584 esse
1247 1555 1346 1584 cum
1363 1542 1473 1583 Jesu

149 1609 294 1650 dulcis
313 1609 568 1663 paradisus.
632 1611 679 1653 Si
705 1611 847 1652 fuerit
870 1617 1020 1653 tecum
1035 1613 1191 1664 Jesus,
1218 1612 1368 1652 nullus
1393 1624 1473 1666 po-

149 1680 257 1719 terit
286 1691 456 1721 nocere
487 1681 712 1722 inimicus.
776 1682 865 1732 Qui
896 1683 1068 1724 invenit
1097 1683 1267 1732 Jesum,
1299 1682 1474 1722 invenit

149 1748 413 1790 thesaurum
429 1751 619 1801 bonum,
639 1752 776 1792 immo
794 1752 964 1793 bonum
982 1765 1120 1807 super
1138 1765 1269 1793 omne
1286 1752 1469 1802 bonum,

150 1825 196 1859 et
213 1820 287 1873 qui
305 1819 456 1872 perdit
464 1820 490 1860 J
494 1815 633 1870 esum,
646 1821 798 1874 perdit
814 1823 946 1863 nimis
963 1823 1152 1863 multum
1165 1828 1210 1863 et
1218 1822 1318 1876 plus
1337 1833 1471 1875 quam

150 1894 295 1929 totum
326 1889 555 1929 mundum.
615 1890 741 1944 Paup
750 1892 939 1932 errimus
982 1897 1073 1942 est,
1115 1893 1192 1946 qui
1222 1892 1333 1932 vivit
1372 1891 1469 1931 sine

148 1959 173 1999 J
179 1971 273 2009 esu,
295 1963 340 1999 et
357 1958 620 2010 ditissimus,
642 1962 717 2015 qui
733 1962 850 2002 bene
871 1966 940 2002 est
957 1975 1056 2002 cum
1072 1962 1098 2003 J
1103 1975 1196 2003 esu.

231 2029 271 2070 3.
304 2030 476 2083 Magna
502 2042 575 2071 ars
610 2036 680 2071 est
704 2032 822 2072 scire
855 2044 955 2073 cum
978 2032 1089 2073 Jesu
1115 2032 1377 2073 conversari
1389 2036 1473 2081 ,ſset

150 2100 267 2140 scire
291 2099 448 2140 Jesum
465 2105 622 2141 tenere
647 2113 813 2154 magna
838 2101 1092 2155 prudentia.
1150 2102 1262 2142 Esto
1290 2099 1470 2141 humilis

151 2176 196 2209 et
225 2170 465 2222 pacificus,
500 2175 546 2210 et
578 2171 664 2211 erit
694 2176 843 2212 tecum
873 2172 1020 2213 Jesus.
1099 2171 1170 2213 Sis
1204 2171 1393 2212 devotus
1427 2175 1472 2210 et

238 2284 264 2312 1.
290 2279 489 2317 Joann.11,
504 2284 559 2314 28,
