1530 2517
283 117 545 155 CHRISTI
601 117 712 153 LIB.
744 117 813 153 111.
847 118 969 153 CAP.
1002 118 1154 153 11.12.
1297 114 1378 154 ’103

54 215 190 256 miter
219 214 437 256 tolerare.
504 214 571 254 An
602 218 760 268 putas,
810 213 932 268 quod
964 211 1172 254 homines
1205 213 1380 253 saeculi

56 284 190 339 hujus
215 283 330 325 nihil
351 284 425 326 vel
450 297 611 338 parum
635 282 895 338 patiantur&
934 283 1032 326 Nec
1057 282 1144 324 hoc
1160 284 1380 333 invenies,

60 355 242 396 etiamsi
259 354 613 396 delicatissimos
633 355 902 409 quaesieris.

143 425 182 465 3.
216 424 308 467 Sed
338 422 531 476 habent,
563 426 737 480 inquis,
770 425 937 483 multas
971 424 1303 466 delectationes
1338 428 1383 465 et

56 495 267 549 proprias
293 500 546 550 sequuntur
568 496 854 547 voluntates,
879 495 1078 550 ideoque
1095 507 1256 549 parum
1272 507 1382 549 pon-

58 565 221 606 derant
236 577 343 606 suas
360 565 699 607 tribulationes.

142 634 182 675 4⁶
214 635 352 686 Esto,
378 636 446 676 ita
479 637 558 687 sit,
589 640 641 677 ut
664 634 864 677 habeant
888 635 1109 691 quidquid
1132 636 1383 686 voluerint:

57 705 141 746 sed
160 705 391 761 quamdiu,
409 705 787 760 putas‚.durabit2
830 708 973 758 Ecce,
1002 706 1385 762 quemadmodum

59 775 210 816 fumus
222 806 234 826 ‚
257 776 472 818 deficient
490 777 773 818 abundantes
789 778 836 817 in
854 777 1040 818 saeculo
1052 807 1065 829 ,
1093 782 1139 818 et
1154 777 1281 817 nulla
1300 778 1387 818 erit

56 846 320 887 recordatio
347 848 705 901 praeteritorum
730 847 1019 902 gaudiorum.
1083 846 1175 889 Sed
1208 852 1254 888 et
1285 860 1386 888 cum

59 915 208 958 adhuc
232 918 408 969 vivunt,
434 930 527 958 non
552 919 650 960 sine
678 917 981 958 amaritudine
1009 921 1055 958 et
1077 917 1233 959 taedio
1261 929 1316 958 ac
1332 918 1386 957 ti-

58 1000 187 1029 more
212 988 260 1028 in
286 989 352 1029 eis
373 987 625 1042 quiescunt.
685 988 757 1029 Ex
775 988 935 1029 eadem
953 1000 1149 1042 namque
1164 1001 1239 1038 re,
1266 987 1386 1028 unde

59 1059 148 1100 sibi
173 1058 531 1100 delectationem
556 1059 839 1112 concipiunt,
866 1059 973 1100 inde
1000 1058 1175 1099 doloris
1193 1071 1389 1113 poenam

59 1128 328 1183 frequenter
341 1130 583 1183 recipiunt.
643 1130 772 1170 Juste
790 1129 880 1169 illis
904 1129 975 1180 fit,
1004 1133 1075 1179 ut,
1096 1130 1202 1183 quia
1218 1129 1389 1169 inordi-

60 1204 167 1241 nate
192 1199 526 1241 delectationes
555 1203 780 1253 quaerunt
806 1203 851 1240 et
875 1203 1148 1254 sequuntur,
1174 1212 1267 1240 non
1292 1200 1390 1242 sine

64 1269 336 1312 confusione
370 1274 416 1311 et
449 1269 753 1310 amaritudine
788 1282 866 1311 eas
902 1270 1129 1323 expleant.
1191 1271 1228 1310 0
1257 1283 1393 1324 quam

61 1340 250 1392 breves,
285 1353 420 1395 quam
451 1339 624 1391 falsae,
665 1351 800 1394 quam
831 1340 1122 1381 inordinatae
1156 1344 1203 1381 et
1233 1345 1390 1394 turpes

66 1424 224 1452 omnes
242 1409 366 1452 sunt!
391 1411 720 1453 Verumtamen
737 1420 848 1464 prae
869 1410 1092 1452 ebrietate
1111 1415 1157 1451 et
1167 1412 1390 1453 caecitate

61 1495 154 1524 non
170 1482 454 1536 intelligunt,
474 1481 557 1522 sed
573 1481 699 1522 velut
714 1485 841 1520 muta
859 1481 1074 1521 animalia
1089 1486 1280 1535 propter
1294 1494 1390 1523 mo-

64 1554 214 1595 dicum
259 1552 570 1606 corruptibilis
610 1552 732 1592 vitae
774 1550 1157 1593 delectamentum
1195 1557 1391 1593 mortem

64 1624 243 1664 animae
259 1624 509 1664 incurrunt.
578 1623 660 1662 Tu
693 1634 849 1676 ergo,
883 1621 1001 1673 fili,
1034 1627 1164 1676 post
1196 1636 1390 1664 concu-

62 1695 378 1748 piscentias
425 1698 551 1734 tuas
597 1704 703 1732 non
752 1704 869 1743 eas,
920 1697 974 1734 et
1020 1705 1047 1733 a
1092 1693 1389 1735 voluntate

60 1769 158 1804 tua
205 1769 485 1805 avertere.
560 1762 868 1804 Delectare
914 1764 968 1803 in
1016 1763 1255 1805 Domino
1275 1795 1288 1815 ‚
1338 1770 1392 1806 et

62 1834 222 1875 dabit
251 1835 359 1875 tibi
391 1834 712 1888 petitiones
747 1833 938 1874 cordis
970 1835 1068 1874 tui.

146 1912 185 1952 5.
218 1913 399 1954 Etenim
417 1913 456 1953 si
464 1912 693 1953 veraciter
701 1911 769 1952 vis
782 1911 1004 1952 delectari
1021 1916 1067 1953 et
1084 1912 1387 1953 abundantius

62 1995 89 2023 a
106 1995 178 2024 me
198 1983 452 2032 consolari,
482 1995 589 2023 ecce
605 1982 652 2022 in
671 1985 903 2022 contemtu
922 1983 1122 2022 omnium
1138 1983 1387 2023 mundano-

58 2066 161 2095 rum
179 2054 285 2095 etin
304 2053 588 2093 abscissione
608 2052 808 2092 omnium
824 2051 1106 2092 infirmarum
1117 2052 1386 2102 delectatio?

60 2137 166 2164 num
186 2125 274 2164 erit
286 2123 549 2164 benedictio
567 2126 661 2173 tua,
675 2126 721 2163 et
738 2123 928 2175 copiosa
946 2123 1029 2163 tibi
1043 2123 1264 2164 reddetur
1280 2134 1386 2163 con-

154 2267 187 2298 4.
215 2263 438 2298 Ecclesiast.
459 2267 513 2305 18,
532 2267 589 2297 30.
643 2261 786 2296 Psalm.
806 2264 850 2296 36
871 2262 964 2307 (37),
983 2265 1017 2295 4.
