1530 2517
130 123 212 163 156
533 124 616 160 DE
645 118 1070 162 1MlTAT10NE'

127 221 295 262 Veniet
311 217 503 273 tempus,
518 219 697 274 quando
718 222 958 274 apparebit
973 223 1193 276 magister
1208 225 1448 278 magistro-

124 303 227 330 rum
246 287 466 340 Christus,
484 291 708 331 Dominus
728 290 1022 345 angelorum,
1042 297 1306 333 cunctorum
1323 294 1448 334 audi-

124 364 252 400 turus
277 359 524 410 lectiones,
559 357 647 401 hoc
672 364 763 410 est,
796 361 1081 415 singulorum
1109 363 1446 405 examinaturus

127 430 450 471 conscientias.
518 430 579 470 Et
608 435 716 471 tunc
747 431 1100 472 scrutabitur
1129 432 1446 474 Jerusalem

122 500 178 539 in
211 499 487 550 lucernis,
516 504 562 541 et
577 499 823 541 manifesta
849 504 981 540 erunt
1012 501 1350 545 abscondita
1374 509 1445 545 te-

122 582 151 608 n
163 569 442 620 ebrarum,
474 571 781 624 tacebuntque
801 574 1072 624 argumenta
1087 571 1358 625 linguarum.

204 640 244 679 3.
276 639 376 693 Ego
390 653 502 690 sum,
517 642 594 694 qui
604 639 822 681 humilem
838 641 884 680 in
894 645 1061 694 puncto
1083 641 1213 683 elevo
1230 647 1442 694 mentem,

119 714 169 749 ut
184 709 338 763 plures
366 714 582 751 aeternae
600 711 808 751 veritatis
829 711 982 764 capiat
995 711 1224 763 rationes,
1252 726 1386 768 quam
1403 715 1444 754 si

120 781 219 834 quis
247 780 407 821 decem
433 781 562 821 annis
588 781 840 822 studuisset
861 782 908 821 in
929 780 1114 822 scholis.
1173 783 1275 836 Ego
1295 783 1439 825 doceo

116 851 216 891 sine
233 853 428 904 strepitu
444 851 711 901 verborum,
739 852 838 892 sine
863 851 1135 893 confusione
1163 853 1442 905 opinionum,

116 921 215 961 sine
240 919 365 961 fastu
389 920 601 972 honoris,
628 922 726 963 sine
745 923 1027 976 pugnatione
1053 927 1440 976 argumentorum.

116 991 217 1044 Ego
237 1003 351 1042 sum,
369 992 446 1045 qui
465 992 610 1033 doceo
628 996 814 1033 terrena
831 991 1083 1046 despicere,
1095 994 1358 1045 praesentia
1375 993 1443 1034 fa-

120 1060 306 1111 stidire,
334 1066 523 1102 aeterna
549 1073 796 1115 quaerere,
823 1066 1012 1103 aeterna
1037 1075 1216 1116 sapere,
1241 1062 1441 1106 honores

119 1129 307 1185 fugere,
329 1130 549 1172 scandala
566 1129 760 1172 sufferre
772 1162 784 1182 ,
812 1144 991 1172 omnem
1008 1135 1198 1185 spemin
1214 1147 1286 1176 me
1303 1147 1442 1188 pone-

116 1213 191 1251 re,
219 1205 350 1242 extra
371 1214 443 1243 me
469 1201 534 1242 nil
557 1213 723 1255 cupere
752 1206 798 1243 et
814 1214 951 1254 super
969 1203 1122 1243 omnia
1137 1216 1210 1245 me
1229 1204 1443 1246 ardenter

118 1283 289 1313 amare.

201 1341 242 1381 4.
274 1341 393 1383 Nam
411 1342 596 1397 quidam
622 1343 816 1384 amando
842 1356 915 1384 me
937 1344 1095 1385 intime
1114 1343 1273 1386 didicit
1290 1344 1442 1385 divina

115 1417 162 1454 et
177 1412 453 1467 loquebatur
467 1413 711 1454 mirabilia.
745 1414 854 1457 Plus
864 1413 1064 1467 profecit
1075 1415 1122 1454 in
1137 1415 1439 1469 relinquendo

115 1483 299 1533 omnia,
321 1495 457 1537 quam
472 1484 520 1523 in
537 1483 762 1524 studendo
782 1484 983 1524 subtilia.
1045 1483 1138 1526 Sed
1156 1485 1258 1526 aliis
1274 1485 1443 1540 loquor

115 1554 387 1604 communia,
407 1553 510 1594 aliis
529 1554 773 1607 specialia3
795 1554 1022 1608 aliquibus
1039 1555 1086 1595 in
1103 1555 1245 1609 signis
1265 1559 1312 1596 et
1327 1555 1440 1609 figu-

109 1624 175 1664 ris
194 1623 389 1664 dulciter
407 1636 623 1677 appareo,
638 1624 908 1678 quibusdam
917 1637 1026 1665 vero
1044 1625 1091 1665 in
1108 1625 1251 1666 multo
1269 1625 1439 1666 lumine

109 1693 267 1734 revelo
284 1694 524 1747 mysteria.
583 1695 684 1734 Una
700 1706 792 1734 vox
807 1694 1051 1746 librorum,
1073 1695 1155 1736 sed
1171 1708 1263 1736 non
1282 1707 1437 1736 omnes

113 1776 258 1818 aeque
275 1762 513 1805 informat:
535 1764 642 1818 quia
658 1764 780 1805 intus
794 1777 893 1804 sum
905 1764 1299 1818 doctorveritatis,
1311 1778 1435 1806 scru-

108 1838 235 1875 tator
251 1833 419 1884 cordis,
440 1833 770 1887 cogitationum
786 1835 1065 1887 intellector,
1084 1835 1315 1877 actionum
1330 1847 1434 1888 pro-

109 1908 277 1955 motor,
297 1903 574 1944 distribuens
592 1903 799 1958 singulis,
813 1905 932 1947 sicut
948 1905 1135 1960 dignum
1147 1905 1431 1960 judicavero.

159 2033 161 2036 Α
201 2046 235 2077 2.
262 2042 384 2088 Zeph.
404 2046 436 2084 1,
455 2046 509 2077 12.
561 2043 675 2078 1Cor.
695 2049 728 2085 4,
747 2049 781 2080 5.

622 2191 935 2214 “ooo—-
