1530 2517
153 107 233 147 142
551 104 633 141 DE
664 101 1068 140 IMITATIONE

154 208 294 246 rent.
352 201 642 244 Mundandus
672 204 742 241 est
773 211 884 254 ergo
910 196 1177 239 intentionis
1211 196 1391 249 oculus,
1424 204 1475 238 ut
1521 195 1524 223 ¹

155 275 216 315 sit
234 272 429 327 simplex
453 276 499 313 et
512 275 666 312 rectus
677 300 689 321 ,
717 274 854 324 atque
870 261 993 310 ultra
1010 267 1163 309 omnia
1178 267 1307 309 varia
1321 266 1474 310 media
1522 225 1525 298 ¹

155 342 214 383 ad
229 355 301 384 me
320 341 600 396 dirigendus.
1524 313 1526 341 ι

518 715 667 762 CAP
680 713 781 759 UT
841 713 1108 760 XXXIV.

256 832 386 885 Quod
414 828 585 872 amanti
613 828 731 883 sapit
760 826 881 869 Deus
912 840 1042 882 super
1077 825 1222 868 omnia
1255 833 1299 867 et
1327 825 1373 867 in

706 898 919 940 omnibus.

238 1048 278 1087 1.
309 1031 444 1088 Ecce
469 1046 597 1087 Deus
630 1057 758 1086 meus
794 1047 841 1084 et
872 1042 1038 1084 omnia.
1092 1041 1212 1092 Quid
1243 1039 1350 1081 volo
1387 1052 1478 1080 am-

154 1116 274 1170 plius
293 1120 338 1157 et
355 1113 464 1170 quid
480 1112 661 1154 felicius
680 1110 945 1153 desiderare
962 1107 1172 1163 possum!
1214 1109 1251 1150 O
1270 1109 1480 1163 sapidum

158 1191 204 1227 et
221 1186 352 1227 dulce
368 1181 579 1226 verbum!
613 1181 696 1223 sed
723 1180 932 1221 amanti
956 1180 1167 1230 verbum,
1199 1191 1308 1219 non
1337 1192 1477 1220 mun·
1514 1208 1516 1211 v

156 1256 279 1296 dum
309 1267 410 1297 nec
442 1265 506 1295 ea
531 1265 674 1307 quae
702 1252 758 1292 in
781 1249 979 1291 mundo
1007 1253 1148 1290 sunt.
1206 1249 1333 1290 Deus
1350 1262 1478 1290 meus

156 1331 202 1367 et
226 1325 393 1366 omnia.
451 1322 734 1377 Intelligenti
751 1321 863 1362 satis
882 1320 1051 1361 dietum
1069 1323 1160 1371 est,
1188 1324 1234 1360 et
1250 1331 1389 1373 saepe
1405 1331 1477 1360 re·
1512 1370 1515 1372 q

151 1400 311 1450 petere
325 1393 575 1448 jucundum
592 1395 663 1433 est
679 1391 863 1431 amanti.
904 1391 972 1430 Te
990 1389 1215 1444 siquidem
1232 1397 1475 1443 praesente
1514 1390 1530 1441 ⁷3.-

148 1464 351 1521 jucunda
382 1467 486 1505 sunt
526 1462 700 1513 omnia3
746 1465 794 1502 te
827 1465 981 1500 autem
1013 1460 1201 1500 absente
1234 1458 1478 1500 fastidiunt
1520 1433 1530 1511 Ξ

153 1540 328 1577 cuneta.
377 1535 449 1575 Tu
465 1532 580 1574 facis
599 1545 679 1574 cor
694 1530 1004 1585 tranquillum,
1026 1534 1072 1571 et
1086 1542 1247 1583 paoem
1262 1541 1475 1583 magnam
1528 1514 1530 1523 Σ

149 1606 464 1659 laetitiamque
504 1602 733 1643 festivam.
801 1602 874 1641 Tu
907 1600 1024 1641 facis
1054 1601 1171 1641 hene
1212 1600 1382 1640 sentire
1416 1599 1472 1640 de

153 1675 361 1717 omnibus
381 1674 489 1715 et-in
507 1673 714 1713 omnibus
729 1676 776 1712 te
794 1670 1000 1721 laudare,
1027 1683 1112 1711 nec
1127 1674 1283 1723 potest·
1300 1669 1473 1723 aliquid

150 1746 249 1789 sine
266 1749 313 1785 te
333 1743 410 1784 diu
425 1742 633 1797 plaeere,
659 1741 743 1783 sed
764 1741 804 1787 si
821 1740 959 1781 debet
975 1744 1156 1794 gratum
1174 1751 1275 1780 esse
1295 1744 1341 1779 et
1354 1739 1471 1779 bene

151 1830 331 1871 sapere,
351 1817 537 1870 oportet
551 1812 749 1869 gratiam
766 1816 892 1852 tuam
918 1810 1082 1851 adesse
1110 1814 1156 1851 et
1180 1807 1469 1850 condimento

150 1894 258 1928 tuae
277 1887 531 1940 sapientiae
549 1884 740 1926 condiri.

231 1958 272 1997 2.
306 1956 391 1997 Cui
420 1960 470 1997 tu
502 1955 649 2009 sapis,
684 1952 792 2008 quid
826 1953 870 1993 ei
898 1955 1025 1992 reete
1056 1962 1148 1991 non
1180 1946 1354 2002 sapiet'ss
1411 1948 1471 1988 Et
1516 1956 1523 1995 2

152 2028 224 2068 eui
249 2032 300 2067 tu
323 2039 415 2067 non
438 2026 585 2078 sapis,
619 2023 727 2078 quid
754 2023 797 2063 ei
823 2022 882 2062 ad
901 2011 1234 2076 jucunditatem
1259 2030 1357 2059 esse
1386 2030 1466 2070 po-

147 2095 285 2138 terit}
325 2095 416 2138 Sed
434 2095 650 2136 deficiunt
664 2094 712 2134 in
729 2093 957 2147 sapientia
972 2096 1053 2131 tua
1068 2087 1223 2131 mundi
1240 2089 1470 2142 sapientes

241 2237 272 2268 1.
303 2237 321 2268 1
345 2234 481 2267 Joann.
502 2237 534 2275 2,
555 2238 607 2268 15.
