1530 2517
166 135 217 176 68
312 153 313 156 ’
564 138 648 175 DE
678 137 1073 175 ῙΜΙΤΑΤΙΟΝΕ

247 235 285 275 5.
318 234 446 276 Unde
479 234 663 289 quidam
693 238 934 288 praesente
962 233 1058 287 jam
1089 234 1240 288 gratia
1272 233 1473 275 dicebats

162 305 277 359 Ego
320 304 437 345 dixi
457 327 459 329 ·
481 306 535 345 in
576 303 919 345 abundantia
958 315 1099 353 mea,
1145 316 1252 344 non
1291 316 1476 344 move-

162 375 190 415 b
205 387 265 415 or
294 375 347 414 in
381 387 407 414 a
420 379 682 415 eternum.
729 374 926 414 Absente
944 385 1052 414 vero
1072 373 1222 427 gratia
1240 372 1347 426 quid
1362 373 1407 412 in
1427 385 1476 413 se

163 444 304 485 fuerit
314 449 541 499 expertus,
555 444 762 498 adjungit
772 443 947 484 dicens:
972 443 1045 483 Av
1057 443 1165 483 erti
1177 444 1249 483 sti
1273 442 1329 482 fa
1340 443 1477 484 ciem

162 519 311 555 tuam
343 527 370 554 a
399 527 502 565 me,
538 519 591 555 et
621 513 808 554 factus
840 525 952 553 sum
985 512 1380 563 conturbatus;
1412 513 1477 552 in-

164 589 235 625 ter
258 582 372 625 haec
395 589 548 625 tamen
572 595 858 638 nequaquam
875 582 1110 636 desperat,
1138 582 1220 623 sed
1235 583 1477 623 instantius

163 654 407 695 Dominum
430 658 568 708 rogat
592 658 637 694 et
661 654 790 694 dicit:
836 652 914 693 Ad
951 658 1028 703 te,
1065 653 1322 703 Domine,
1365 653 1478 694 cla-

164 725 320 765 mabo
365 729 417 765 et
456 724 522 764 ad
551 725 723 765 Deum
754 735 930 764 meum
962 723 1327 777 deprecabor.
1387 724 1478 764 De-

164 795 299 849 nique
320 794 540 834 orationis
557 805 667 834 suae
679 792 874 834 fructum
882 798 1090 847 reportat
1101 798 1204 835 etse
1218 793 1480 834 exauditum

165 868 371 914 testatur,
385 863 558 905 dicens:
591 863 820 904 Audivit
842 864 884 904 D
898 864 1111 904 ominus
1137 868 1191 905 et
1213 864 1479 905 misertus
1507 878 1511 885 ³

167 939 250 975 est
273 934 401 984 mei3
432 934 701 975 Dominus
729 932 915 974 factus
943 938 1028 975 est
1057 934 1289 988 adjutor
1311 947 1478 975 meus.

166 1004 257 1046 Sed
287 1005 334 1044 in
367 1002 483 1059 quo‘}
551 1003 904 1045 Convertisti
919 1034 932 1054 ,
978 1004 1148 1059 inquit,
1193 1004 1479 1058 planctum

162 1087 335 1116 meum
374 1075 428 1114 in
469 1073 731 1128 gaudium
768 1064 924 1124 mihi,
965 1078 1019 1115 et
1050 1073 1479 1116 circumdedisti

161 1158 206 1184 m
218 1158 241 1186 e
273 1144 326 1185 la
339 1144 518 1186 etitia.
567 1143 616 1186 Si
633 1144 700 1185 sic
718 1148 867 1185 actum
886 1149 955 1185 est
972 1157 1073 1185 cum
1087 1145 1264 1199 magnis
1284 1144 1476 1195 Sanctis,

161 1228 251 1256 non
271 1219 340 1255 est
357 1214 689 1269 desperandum
704 1215 837 1255 nobis
854 1214 1044 1255 infirmis
1062 1219 1109 1256 et
1122 1215 1420 1269 pauperibus,
1439 1215 1478 1255 si

160 1284 387 1325 interdum
402 1285 450 1325 in
466 1283 649 1326 fervore
668 1288 714 1326 et
728 1284 956 1325 interdum
972 1285 1020 1325 in
1037 1284 1290 1340 frigiditate
1308 1298 1476 1336 sumus,

163 1355 377 1410 quoniam
415 1355 600 1409 spiritus
632 1356 756 1396 venit
796 1360 841 1396 et
877 1355 1054 1396 recedit
1084 1355 1331 1397 secundum
1366 1368 1476 1397 suae

160 1425 497 1479 beneplacitum
512 1425 775 1466 voluntatis.
834 1425 964 1467 Unde
981 1426 1142 1468 beatus
1156 1426 1246 1468 Job
1265 1428 1348 1467 ait:
1385 1426 1476 1469 Vi-

162 1496 303 1535 sitas
332 1508 448 1536 eum
474 1495 751 1546 diluculo,
781 1500 834 1537 et
858 1496 1044 1537 subito
1069 1497 1278 1550 probas
1303 1497 1473 1537 illum.

243 1575 282 1616 6.
316 1574 462 1628 Super
487 1573 595 1628 quid
618 1574 759 1627 igitur
782 1585 968 1626 sperare
990 1586 1198 1627 possum,
1226 1575 1368 1615 autin
1386 1587 1473 1629 quo

163 1644 392 1686 confidere
410 1644 572 1695 debeo,
587 1644 673 1684 nisi
691 1644 738 1683 in
754 1643 856 1683 sola
871 1656 1038 1698 magna
1053 1643 1371 1685 misericordia
1385 1644 1474 1685 Dei

139 1717 142 1721 ’
163 1716 269 1756 etin
286 1714 387 1756 sola
404 1727 483 1768 spe
502 1715 679 1769 gratiae
698 1712 938 1755 coelestis&
970 1713 1074 1756 Sive
1094 1715 1211 1755 enim
1230 1714 1380 1755 adsint
1395 1713 1473 1755 ho-

160 1786 303 1827 mines
319 1785 452 1835 boni,
471 1785 565 1825 sive
584 1784 738 1825 devoti
754 1783 921 1825 fratres
938 1784 1012 1825 vel
1029 1785 1164 1826 amici
1180 1784 1358 1835 fideles,
1377 1785 1472 1826 sive

159 1856 266 1897 libri
282 1855 428 1897 sancti
443 1855 516 1896 vel
532 1858 752 1895 tractatus
768 1852 959 1907 pulchri,
976 1855 1069 1896 sive
1089 1855 1233 1897 dulcis
1253 1859 1409 1896 cantus
1428 1859 1475 1896 et

159 1924 334 1979 hymni:
376 1925 528 1966 omnia
553 1923 667 1966 haec
690 1924 918 1965 modicum
938 1926 1118 1978 juvant,
1149 1925 1377 1966 modicum
1402 1937 1472 1965 sa-

159 1996 310 2049 piunt,
345 1995 526 2050 quando
555 1995 762 2036 desertus
795 2007 893 2035 sum
919 2007 946 2034 a
969 1996 1120 2049 gratia
1145 1999 1192 2036 et
1213 1996 1260 2035 in
1283 1995 1471 2048 propria

157 2078 276 2119 paup
283 2069 427 2107 estate
442 2066 646 2107 relictus.
687 2066 816 2105 Tunc
831 2077 922 2105 non
941 2069 1011 2105 est
1024 2065 1187 2105 melius
1202 2064 1468 2115 remedium,

160 2149 293 2190 quam
308 2137 531 2190 patientia
548 2140 594 2177 et
610 2135 855 2189 abnegatio
873 2136 963 2176 mei
979 2136 1026 2175 in
1041 2134 1276 2175 voluntate
1293 2135 1396 2175 Dei.
1417 2173 1423 2177 .

252 2280 271 2309 5
312 2274 451 2310 Psalm.
470 2277 514 2309 29
534 2275 627 2320 (30),
646 2278 678 2310 7.
698 2278 731 2310 9.
750 2278 805 2309 10.
825 2278 865 2310 13
885 2280 921 2309 et
940 2279 993 2309 14.
1035 2275 1119 2309 ἔοι).
1138 2278 1170 2315 Ἰ,
1191 2278 1244 2309 18.
