1530 2517
286 104 548 142 CHRISTI
604 105 714 141 Lm.
748 106 814 142 IV.
850 106 970 143 CAP.
1003 106 1068 142 10.
1260 106 1341 146 225

17 203 181 246 Potest
205 201 323 244 enim
344 200 536 256 quilibet
553 200 745 241 devotus
773 201 894 241 omni
917 201 991 243 die
1018 207 1063 243 et
1089 205 1210 244 omni
1227 203 1343 245 hora

20 274 78 315 ad
109 272 394 328 spiritualem
421 269 591 312 Christi
623 271 988 312 communionem
1021 274 1266 316 salubriter
1299 283 1344 316 et

21 345 119 386 sine
135 341 446 398 prohibitione
467 340 712 392 accedere3
732 345 944 383 ettamen
964 342 1099 383 certis
1118 342 1278 385 diebus
1298 350 1344 386 et

20 417 192 455 statuto
209 417 418 466 tempore
440 424 605 465 corpus
624 411 693 452 sui
708 410 984 453 redemtoris
1004 426 1102 454 cum
1122 411 1342 455 affectuo-

19 496 73 525 sa
87 483 349 525 reverentia
368 481 765 523 sacramentaliter
782 480 920 523 debet
936 483 1168 536 suscipere
1188 491 1234 525 et
1249 497 1341 525 ma-

19 554 90 608 gis
108 552 292 594 laudem
308 552 398 593 Dei
417 556 462 593 et
477 550 700 593 honorem
717 552 1041 606 praetendere,
1063 567 1194 608 quam
1214 568 1342 596 suam

22 622 386 665 consolationem
405 634 643 677 quaerere.
704 621 821 664 Nam
846 624 984 665 toties
1009 625 1203 678 mystice
1223 639 1342 667 com-

19 694 224 734 municat
249 697 293 733 et
309 692 602 734 invisibiliter
615 692 842 744 reficitur,
871 694 1050 748 quoties
1067 695 1343 737 incarnatio-

23 765 92 805 nis
120 762 290 806 Christi
313 763 583 817 mysterium
608 764 960 819 passionemque
987 764 1151 807 devote
1176 767 1342 808 recolit

22 840 67 876 et
84 835 129 875 in
148 846 305 875 amore
324 833 422 887 ejus
441 833 719 874 accenditur.

104 906 144 945 7.
179 904 268 954 Qui
287 903 422 944 aliter
437 917 487 945 se
506 917 596 945 non
613 907 882 957 praeparat,
901 904 989 944 nisi
1004 904 1203 946 instante
1221 905 1342 948 festo

19 975 93 1015 vel
105 973 434 1016 consuetudine
448 973 766 1027 compellente,
778 973 962 1027 saepius
976 974 1228 1027 imparatus
1241 977 1341 1017 erit.

19 1046 208 1095 Beatus,
221 1045 296 1099 qui
315 1057 364 1085 se
376 1044 574 1085 Domino
593 1045 640 1084 in
658 1042 979 1085 holocaustum
998 1043 1149 1096 offert,
1163 1047 1342 1100 quoties

21 1115 226 1156 celebrat
243 1119 321 1154 aut
338 1114 658 1155 communicat.
717 1114 822 1156 Non
838 1115 902 1156 sis
918 1115 963 1154 in
983 1115 1259 1157 celebrando
1277 1119 1343 1158 ni-

18 1186 105 1225 mis
123 1184 328 1238 prolixus
355 1188 434 1224 aut
449 1183 668 1235 festinus,
694 1183 777 1225 sed
802 1196 936 1225 serva
950 1184 1120 1225 bonum
1146 1198 1343 1227 commu-

20 1267 124 1295 nem
140 1253 340 1303 modum,
361 1266 461 1294 cum
479 1255 642 1308 quibus
658 1254 787 1295 vivis.
847 1254 952 1296 Non
970 1254 1110 1296 debes
1138 1255 1240 1297 aliis
1266 1269 1344 1311 ge-

19 1336 184 1365 nerare
208 1323 469 1364 molestiam
496 1328 542 1365 et
568 1323 794 1374 taedium,
828 1325 910 1366 scd
936 1338 1218 1367 communem
1250 1340 1344 1368 ser-

18 1407 129 1435 vare
176 1394 297 1434 viam
343 1393 592 1435 secundum
637 1395 865 1449 maJOrum
909 1396 1244 1438 institutionem
1300 1404 1345 1439 et

18 1465 173 1518 potius
199 1463 395 1505 aliorum
421 1465 595 1507 servire
619 1464 832 1516 utilitati,
866 1477 1001 1521 quam
1025 1468 1242 1521 propriae
1266 1467 1343 1509 de-

17 1535 195 1575 votioni
211 1533 286 1575 vel
303 1532 505 1577 affectui.
