1530 2517
163 116 248 153 DE
294 117 451 153 ΙΜΙΤ.
485 116 732 154 CHRIST.
779 117 888 154 LIB.
921 118 989 155 IV.
1023 118 1142 154 CAP.
1171 119 1207 154 1.
1275 115 1354 156 199

504 379 768 426 CAPUT
836 380 884 424 Ι.

15 444 17 465 l

65 490 171 532 C'am
209 499 376 546 quanta
410 492 656 534 reverentia
694 491 894 534 Christus
929 493 988 534 sit
1015 492 1324 547 suscipiendus.

419 629 562 681 Vox
599 629 972 683 D1sc1pnr1.

120 779 159 819 1.
190 761 337 821 Haec
353 784 457 821 sunt
473 780 613 821 verba
628 784 722 832 tua,
743 779 943 832 Christe,
961 781 1131 822 veritas
1151 786 1353 833 aeterna,

36 851 240 904 quamvis
272 863 363 892 non
394 863 484 891 uno
510 856 718 905 tempore
742 852 926 905 prolata
956 865 1042 893 nec
1065 866 1155 894 uno
1182 854 1228 893 in
1253 854 1356 895 loco

37 922 310 975 conscripta.
373 921 492 971 Quia
518 934 629 976 ergo
654 926 735 962 tua
759 927 863 963 sunt
896 927 942 963 et
965 935 1095 973 vera,
1124 928 1361 977 gratanter

35 989 145 1031 mihi
164 995 210 1032 et
224 991 425 1033 fideliter
442 997 605 1033 cuncta
620 997 725 1033 sunt
741 992 1023 1046 accipienda.
1057 995 1160 1034 Tua
1177 1000 1296 1044 sunt,
1317 1001 1362 1035 et

36 1066 86 1101 tu
104 1073 160 1103 ea
175 1062 432 1115 protulisti3
466 1067 511 1104 et
526 1075 629 1103 mea
647 1075 827 1118 quoque
846 1068 962 1115 sunt,
986 1065 1093 1119 quia
1108 1077 1191 1118 pro
1211 1065 1360 1106 salute

36 1144 139 1174 mea
172 1144 228 1173 ea
261 1133 461 1174 edidisti.
520 1134 743 1186 Libenter
766 1135 965 1188 suscipio
995 1147 1050 1175 ea
1075 1146 1132 1176 ex
1158 1148 1238 1176 ore
1263 1141 1358 1185 tuo,

35 1206 85 1242 ut
102 1204 271 1244 arctius
289 1204 551 1245 inserantur
569 1204 697 1245 cordi
714 1216 833 1244 meo.
893 1204 1107 1244 Excitant
1129 1217 1202 1246 me
1220 1206 1361 1246 verba

34 1277 190 1315 tantae
217 1274 427 1327 pietatis,
453 1274 591 1328 plena
617 1273 870 1315 dulcedinis
897 1278 944 1314 et
964 1273 1247 1326 dilectionis3
1278 1275 1361 1316 sed

34 1348 210 1385 terrent
225 1356 297 1385 me
316 1344 486 1385 delicta
501 1344 712 1398 propria,
741 1348 787 1385 et
803 1344 861 1384 ad
880 1344 1101 1398 capienda
1119 1349 1247 1385 tanta
1263 1358 1360 1399 my-

35 1415 178 1454 steria
202 1427 275 1455 me
294 1414 563 1456 reverberat
578 1415 757 1468 impura
775 1416 1069 1456 conscientia.
1130 1415 1361 1457 Provocat

35 1496 108 1525 me
127 1483 321 1527 dulcedo
341 1485 585 1526 verborum
601 1489 783 1526 tuorum
795 1514 806 1535 ,
836 1484 918 1526 sed
937 1489 1099 1526 onerat
1115 1486 1357 1527 multitudo

35 1555 264 1596 vitiorum.

119 1627 160 1665 2.
191 1626 355 1677 Jubes,
383 1631 434 1666 ut
451 1625 727 1667 fiducialiter
744 1625 801 1666 ad
819 1630 864 1666 te
884 1625 1122 1677 accedam,
1153 1628 1190 1668 si
1208 1631 1358 1667 tecum

35 1695 172 1736 velim
197 1694 367 1738 habere
393 1702 593 1751 partem,
622 1701 669 1737 et
691 1700 741 1736 ut
759 1696 1118 1737 immortalitatis
1136 1697 1358 1749 accipiam

38 1765 322 1817 alimoniam,
356 1767 397 1807 si
427 1770 661 1807 aeternam
691 1768 870 1820 cupiam
903 1767 1109 1808 obtinere
1141 1767 1282 1807 vitam
1315 1773 1361 1808 et

35 1835 249 1890 gloriam.
307 1837 534 1887 Venite,
578 1836 751 1890 inquis,
797 1836 863 1877 ad
905 1850 984 1878 me
1030 1849 1220 1878 omnes
1268 1839 1361 1891 qui

35 1906 322 1947 laboratis
356 1911 410 1948 et
437 1906 662 1947 onerati
690 1908 853 1958 estis,
884 1912 938 1948 et
963 1920 1064 1962 ego
1091 1906 1357 1949 reficiam

34 1989 99 2017 vo
112 1990 148 2018 s.
209 1977 246 2018 Ο
267 1976 399 2018 dulce
427 1981 472 2018 et
490 1978 731 2019 amicabile
748 1977 934 2019 verbum
951 1978 997 2017 in
1017 1990 1126 2019 aure
1144 1983 1358 2032 peccato-

33 2047 121 2098 ris,
149 2047 272 2102 quod
289 2053 357 2098 tu,
375 2048 573 2088 Domine
591 2048 718 2088 Deus
736 2060 862 2088 meus
875 2078 886 2098 ‚
914 2060 1107 2102 egenum
1127 2054 1173 2089 et
1188 2060 1358 2102 paupe-

33 2130 132 2158 rem
142 2118 309 2157 invitas
323 2117 380 2157 ad
396 2118 758 2158 communionem
770 2118 834 2158 tui
847 2118 1123 2159 sanctissimi
1134 2118 1357 2171 corporis.

129 2261 162 2292 2.
189 2257 323 2292 matth.
344 2260 396 2298 11,
416 2260 472 2291 28.
