1530 2517
319 133 580 169 CHRISTI
636 132 748 170 [ΑΒ.
780 133 810 169 Ι.
848 133 970 170 CAP.
1005 134 1070 170 25.
1306 132 1358 172 4¹)

35 229 122 271 sibi
148 230 294 284 magis
319 228 480 282 gravia
507 231 552 268 et
578 229 809 269 contraria
826 233 950 279 sunt,
984 228 1160 270 virilius
1177 231 1359 272 vincere

37 300 254 340 nituntur.
314 297 431 340 Nam
447 298 512 339 ibi
531 295 667 338 homo
680 298 781 351 plus
801 299 984 352 proficit
995 303 1040 339 et
1056 301 1253 354 gratiam
1267 313 1360 342 me-

34 374 164 411 retur
181 368 473 422 ampliorem,
498 368 577 409 ubi
593 369 740 423 magis
759 381 808 409 se
826 369 974 423 ipsum
991 368 1132 410 vincit
1149 374 1195 411 et
1208 370 1256 410 in
1272 370 1360 424 spi-

32 440 125 481 ritu
140 438 399 480 mortificat.

118 508 158 550 4.
193 508 285 551 Sed
309 521 399 549 non
427 521 583 549 omnes
609 506 780 550 habent
806 521 950 563 aeque
975 510 1165 550 multum
1191 509 1250 551 ad
1266 511 1358 550 vin-

35 578 227 622 cendum
253 584 298 621 et
321 578 621 620 moriendum.
682 579 892 634 Diligens
926 584 1079 621 tamen
1105 580 1360 620 aemulator

36 649 261 691 valentior
279 650 366 690 erit
383 648 441 689 ad
457 649 803 703 proficiendum,
824 650 1003 691 etiamsi
1019 649 1172 703 plures
1191 647 1359 691 habeat

36 720 290 773 passiones,
303 732 438 774 quam
456 720 571 762 alius
582 720 698 761 bene
710 721 1031 774 morigeratus,
1043 721 1189 760 minus
1206 724 1358 760 tamen

37 788 216 831 fervens
250 788 309 830 ad
338 790 542 831 virtutes.
617 791 722 832 Duo
756 790 1019 844 specialiter
1051 790 1109 830 ad
1146 802 1359 844 magnam

38 859 404 901 emendationem
431 860 612 914 juvant:
646 859 864 901 videlicet
895 858 1164 902 subtrahere
1189 872 1239 901 se
1265 860 1359 900 vio-

39 931 198 980 lenter,
218 930 275 971 ad
294 930 416 985 quod
426 934 590 971 natura
607 931 771 971 vitiose
789 930 1047 982 inclinatur,
1068 935 1114 971 et
1129 929 1359 971 ferventer

39 1002 207 1042 instare
239 1013 322 1055 pro
356 1001 478 1042 bono
492 1031 503 1051 ‚
539 1013 626 1055 quo
663 1001 856 1054 amplius
891 1002 990 1055 quis
1023 1001 1211 1054 indiget.
1273 1000 1358 1041 Illa

36 1073 173 1113 etiam
191 1071 377 1113 studeas
393 1071 541 1125 magis
560 1083 723 1112 cavere
742 1075 787 1112 et
802 1072 1008 1123 vincere,
1035 1083 1151 1126 quae
1169 1071 1252 1112 tibi
1268 1069 1358 1111 fre-

37 1142 248 1197 quentius
265 1141 311 1183 in
329 1141 431 1182 aliis
450 1140 707 1195 displicent.

120 1226 160 1267 5.
192 1225 369 1280 Ubique
403 1224 661 1279 profectum
699 1230 827 1268 tuum
859 1227 1036 1280 capias,
1079 1229 1130 1266 ut
1168 1225 1207 1266 si
1238 1226 1360 1265 bona

40 1296 250 1350 exempla
265 1296 424 1338 videas
435 1296 509 1337 vel
527 1296 703 1347 audias,
717 1296 774 1337 ad
790 1297 1059 1337 imitandum
1078 1294 1356 1337 accendaris.

42 1368 92 1410 Si
117 1366 226 1422 quid
251 1372 405 1408 autem
434 1365 799 1421 reprehensibile
834 1365 1224 1415 consideraveris,
1253 1376 1362 1406 cave

40 1451 97 1479 ne
113 1437 237 1479 idem
254 1437 424 1489 facias3
452 1441 531 1478 aut
546 1438 585 1478 si
603 1436 848 1491 aliquando
867 1436 1042 1487 fecisti,
1063 1436 1195 1478 citius
1215 1447 1362 1476 emen-

43 1509 154 1550 dare
170 1513 217 1550 te
235 1507 437 1550 studeas.
499 1507 628 1550 Sicut
645 1508 802 1549 oculus
828 1512 932 1548 tuus
953 1507 1069 1548 alios
1089 1504 1364 1554 considerat,

41 1580 109 1621 sic
122 1579 289 1620 iterum
307 1579 363 1619 ab
382 1578 484 1620 aliis
501 1579 691 1619 notaris.
754 1577 900 1627 Quam
906 1577 1154 1632 jucundum
1172 1581 1218 1618 et
1234 1575 1365 1616 dulce

44 1653 115 1691 est
128 1648 286 1690 videre
303 1648 508 1690 fervidos
521 1653 567 1690 et
583 1648 774 1690 devotos
786 1647 969 1699 fratres,
980 1649 1097 1689 bene
1113 1647 1364 1701 morigera-

41 1725 115 1761 tos
142 1723 189 1761 et
212 1718 549 1773 disciplinatos!
579 1719 726 1769 Quam
742 1719 875 1759 triste
903 1723 972 1759 est
990 1722 1035 1759 et
1052 1729 1191 1773 grave
1208 1715 1365 1757 videre

41 1789 303 1831 inordinate
329 1789 612 1831 ambulantes
624 1819 636 1839 ,
665 1788 742 1842 qui
760 1800 837 1839 ea,
867 1788 924 1828 ad
943 1801 1059 1843 quae
1076 1787 1231 1829 vocati
1247 1791 1363 1836 sunt,

45 1872 136 1901 non
155 1858 389 1901 exercent!
419 1859 565 1909 Quam
589 1860 801 1900 nocivum
820 1863 890 1900 est
905 1859 1142 1913 negligere
1159 1857 1364 1898 vocatio-

44 1930 114 1971 nis
139 1942 250 1971 suae
277 1929 584 1983 propositum,
619 1934 665 1970 et
689 1928 748 1969 ad
781 1941 872 1970 non
907 1929 1150 1970 commissa
1182 1938 1364 1968 sensum

44 1999 286 2042 inclinare!
1117 2048 1119 2050 v

128 2069 168 2111 6.
200 2070 381 2110 Memor
398 2074 496 2110 esto
517 2070 685 2122 arrepti
703 2070 930 2124 propositi
957 2074 1002 2110 et
1017 2068 1262 2122 imaginem
1279 2065 1359 2106 tibi

49 2151 251 2194 propone
279 2141 510 2181 Crucifixi.
568 2140 694 2181 Bene
728 2139 1027 2181 verecundari
1057 2143 1189 2192 potes
1215 2138 1384 2198 inspeg

133 2284 166 2314 4.
191 2279 257 2313 Ed.
272 2278 404 2314 Valart
440 2280 493 2313 ad
516 2279 790 2313 vincendum
814 2285 859 2313 et
881 2277 1270 2313 mortificandum.

979 2339 1022 2377 D
