1530 2517
101 123 156 164 44
499 125 582 161 DE
622 125 1021 162 IMITATIONE

101 222 256 276 gotiis.
323 220 462 263 Serva
480 233 559 261 cor
582 221 776 262 liberum
802 225 848 262 et
872 220 930 261 ad
944 221 1094 261 Deum
1118 233 1296 261 sursum
1323 234 1419 263 ere-

103 298 237 341 ctum,
251 291 358 345 quia
373 300 464 330 non
481 288 623 332 habes
641 289 715 332 hic
729 295 986 331 manentem
1004 290 1247 331 civitatem.
1305 292 1419 333 Illuc

98 373 259 414 preces
287 366 332 401 et
356 360 552 414 gemitus
579 361 870 415 quotidianos
896 369 996 401 cum
1019 360 1218 401 lacrimis
1254 359 1415 415 dirige,

97 435 148 470 ut
172 430 357 484 spiritus
381 435 485 471 tuus
510 436 742 472 mereatur
768 430 826 471 ad
842 431 1086 471 Dominum
1103 435 1208 483 post
1222 437 1416 472 mortem

37 506 40 510 '
98 499 298 541 feliciter
315 501 524 542 transire.
584 502 739 542 Amen.

598 717 919 739 deep-

487 939 748 986 CAPUT
815 941 1026 984 XXIV.

332 1055 402 1098 De
432 1054 592 1097 indicio
626 1061 669 1095 et
694 1053 849 1108 poenis
875 1059 1175 1107 peccatoram.

181 1191 221 1230 1.
254 1169 311 1231 In
346 1190 553 1231 omnibus
582 1189 720 1230 rebus
757 1189 937 1241 respice
976 1188 1113 1230 finem
1146 1194 1192 1231 et
1223 1190 1419 1244 qualiter

101 1265 205 1301 ante
235 1260 490 1300 districtum
515 1260 657 1300 stabis
681 1258 902 1309 iudicem,
938 1257 1010 1299 cui
1035 1256 1149 1300 nihil
1174 1265 1244 1301 est
1269 1262 1418 1302 occul-

97 1334 216 1381 tum,
244 1330 322 1385 qui
344 1331 607 1371 muneribus
632 1342 723 1370 non
748 1329 958 1383 placatur
981 1341 1066 1370 nec
1100 1332 1418 1372 excusationes

95 1400 273 1454 recipit,
292 1400 375 1442 sed
393 1399 516 1454 quod
527 1400 700 1453 justum
718 1403 801 1450 est,
809 1398 1048 1453 judicabit.
1111 1400 1148 1441 Ο
1165 1401 1420 1443 miserrime

99 1476 145 1510 et
159 1470 378 1523 insipiens
401 1476 641 1524 peccator,
671 1469 778 1524 quid
793 1463 1097 1523 respondebis
1113 1470 1240 1522 Deo,
1268 1472 1421 1513 omnia

96 1540 221 1579 mala
236 1543 318 1580 tua
335 1540 512 1591 scienti,
526 1540 601 1594 qui
617 1538 846 1580 interdum
856 1538 1078 1580 formidas
1088 1540 1259 1581 vultum
1277 1539 1418 1583 homi-

97 1609 168 1650 nis
193 1608 329 1650 irati‘}
360 1609 421 1650 Ut
445 1610 552 1664 quid
575 1622 666 1651 non
690 1609 933 1663 praevides
965 1609 1050 1650 tibi
1072 1610 1120 1650 in
1145 1609 1219 1651 die
1240 1611 1419 1665 judicii,

100 1678 280 1733 quando
299 1692 432 1720 nemo
451 1681 624 1733 poterit
637 1692 721 1732 per
746 1679 884 1719 alium
903 1680 1112 1720 excusari
1128 1680 1202 1721 vel
1219 1680 1419 1733 defendi,

100 1748 183 1789 sed
206 1750 517 1803 unusquisque
544 1750 772 1790 sufficiens
799 1761 912 1789 onus
932 1750 1019 1790 erit
1042 1750 1129 1790 sibi
1144 1749 1259 1803 ipsi‘}
1290 1751 1422 1793 Nunc

99 1818 233 1859 labor
247 1823 352 1860 tuus
372 1823 442 1859 est
457 1818 733 1870 fructuosus,
752 1818 885 1860 fletus
904 1819 1213 1872 acceptabilis,
1225 1819 1420 1875 gemitus

103 1887 389 1939 exaudibilis,
410 1888 545 1930 dolor
560 1888 896 1930 satisfactorius
915 1893 961 1930 et
976 1890 1256 1944 purgativus.

184 1974 225 2012 2.
255 1972 412 2013 Habet
427 1985 642 2027 magnum
654 1973 891 2015 etsalubre
909 1973 1225 2028 purgatorium
1242 1975 1420 2027 patiens

102 2041 263 2093 homo,
290 2043 367 2097 qui
382 2043 635 2096 suscipiens
659 2044 849 2097 injurias
872 2044 974 2097 plus
1001 2043 1128 2084 dolet
1151 2043 1207 2084 de
1234 2043 1421 2084 alterius

101 2113 292 2164 malitia,
313 2125 448 2168 quam
465 2112 521 2153 de
538 2126 622 2154 sua
637 2114 825 2168 injuria3
845 2114 921 2168 qui
937 2125 1019 2167 pro
1039 2114 1421 2154 contrariantibus

103 2184 192 2224 sibi
221 2183 419 2225 libenter
445 2187 547 2224 orat
572 2188 617 2224 et
643 2195 700 2225 ex
725 2183 862 2225 corde
897 2184 1052 2237 culpas
1082 2182 1310 2237 indulgen
1345 2184 1422 2237 qui

104 2254 284 2295 veniam
302 2254 357 2295 ab
378 2254 478 2294 aliis
499 2258 653 2306 petere
671 2266 761 2294 non
777 2253 1004 2303 retardat3
1031 2254 1107 2306 qui
1131 2252 1313 2294 facilius
1338 2254 1419 2295 mi-
