<?xml version="1.0" encoding="UTF-8"?>
<!DOCTYPE html PUBLIC "-//W3C//DTD XHTML 1.0 Transitional//EN"
    "http://www.w3.org/TR/xhtml1/DTD/xhtml1-transitional.dtd">
<html xmlns="http://www.w3.org/1999/xhtml" xml:lang="en" lang="en">
 <head>
  <title>
</title>
<meta http-equiv="Content-Type" content="text/html;charset=utf-8" />
  <meta name='ocr-system' content='tesseract 3.04.00' />
  <meta name='ocr-capabilities' content='ocr_page ocr_carea ocr_par ocr_line ocrx_word'/>
</head>
<body>
  <div class='ocr_page' id='page_1' title='image "./thomaekempisde00thom_0138.png"; bbox 0 0 1530 2517; ppageno 0'>
   <div class='ocr_carea' id='block_1_1' title="bbox 144 133 1057 171">
    <p class='ocr_par' dir='ltr' id='par_1_1' title="bbox 144 133 1057 171">
     <span class='ocr_line' id='line_1_1' title="bbox 144 133 1057 171; baseline 0 -1"><span class='ocrx_word' id='word_1_1' title='bbox 144 133 224 171; x_wconf 78' lang='lat'>122</span> <span class='ocrx_word' id='word_1_2' title='bbox 535 133 618 169; x_wconf 90' lang='lat' dir='ltr'>DE</span> <span class='ocrx_word' id='word_1_3' title='bbox 655 134 1057 170; x_wconf 75' lang='lat' dir='ltr'><strong>IMITATIONE</strong></span> 
     </span>
    </p>
   </div>
   <div class='ocr_carea' id='block_1_2' title="bbox 145 228 1495 911">
    <p class='ocr_par' dir='ltr' id='par_1_2' title="bbox 145 228 1495 911">
     <span class='ocr_line' id='line_1_2' title="bbox 147 228 1459 284; baseline 0.001 -14"><span class='ocrx_word' id='word_1_4' title='bbox 147 229 284 271; x_wconf 83' lang='lat' dir='ltr'>debet</span> <span class='ocrx_word' id='word_1_5' title='bbox 307 242 391 270; x_wconf 88' lang='lat' dir='ltr'>nec</span> <span class='ocrx_word' id='word_1_6' title='bbox 414 229 707 283; x_wconf 81' lang='lat' dir='ltr'>indignanter</span> <span class='ocrx_word' id='word_1_7' title='bbox 730 228 852 271; x_wconf 89' lang='lat' dir='ltr'>ferre</span> <span class='ocrx_word' id='word_1_8' title='bbox 885 242 1033 284; x_wconf 89' lang='lat' dir='ltr'>neque</span> <span class='ocrx_word' id='word_1_9' title='bbox 1060 229 1216 271; x_wconf 85' lang='lat' dir='ltr'>ditiori</span> <span class='ocrx_word' id='word_1_10' title='bbox 1240 230 1459 281; x_wconf 86' lang='lat' dir='ltr'>invidere,</span> 
     </span>
     <span class='ocr_line' id='line_1_3' title="bbox 145 298 1462 352; baseline 0.001 -13"><span class='ocrx_word' id='word_1_11' title='bbox 145 298 227 340; x_wconf 88' lang='lat' dir='ltr'>sed</span> <span class='ocrx_word' id='word_1_12' title='bbox 252 303 297 339; x_wconf 94' lang='lat' dir='ltr'>te</span> <span class='ocrx_word' id='word_1_13' title='bbox 323 298 475 352; x_wconf 88' lang='lat' dir='ltr'>potius</span> <span class='ocrx_word' id='word_1_14' title='bbox 502 299 741 340; x_wconf 86' lang='lat' dir='ltr'>attendere</span> <span class='ocrx_word' id='word_1_15' title='bbox 777 304 822 340; x_wconf 90' lang='lat' dir='ltr'>et</span> <span class='ocrx_word' id='word_1_16' title='bbox 845 302 970 339; x_wconf 85' lang='lat' dir='ltr'>tuam</span> <span class='ocrx_word' id='word_1_17' title='bbox 992 299 1244 340; x_wconf 81' lang='lat' dir='ltr'>bonitatem</span> <span class='ocrx_word' id='word_1_18' title='bbox 1265 300 1462 341; x_wconf 79' lang='lat' dir='ltr'>maxime</span> 
     </span>
     <span class='ocr_line' id='line_1_4' title="bbox 145 367 1464 422; baseline 0.002 -14"><span class='ocrx_word' id='word_1_19' title='bbox 145 367 361 418; x_wconf 88' lang='lat' dir='ltr'>laudare,</span> <span class='ocrx_word' id='word_1_20' title='bbox 390 367 512 422; x_wconf 88' lang='lat' dir='ltr'>quod</span> <span class='ocrx_word' id='word_1_21' title='bbox 527 372 620 407; x_wconf 89' lang='lat' dir='ltr'>tam</span> <span class='ocrx_word' id='word_1_22' title='bbox 639 367 899 420; x_wconf 87' lang='lat' dir='ltr'>affluenter,</span> <span class='ocrx_word' id='word_1_23' title='bbox 926 372 1018 408; x_wconf 87' lang='lat' dir='ltr'>tam</span> <span class='ocrx_word' id='word_1_24' title='bbox 1037 370 1180 422; x_wconf 84' lang='lat' dir='ltr'>gratis</span> <span class='ocrx_word' id='word_1_25' title='bbox 1207 374 1252 410; x_wconf 92' lang='lat' dir='ltr'>et</span> <span class='ocrx_word' id='word_1_26' title='bbox 1267 369 1464 411; x_wconf 83' lang='lat' dir='ltr'>libenter</span> 
     </span>
     <span class='ocr_line' id='line_1_5' title="bbox 147 438 1465 493; baseline 0.002 -16"><span class='ocrx_word' id='word_1_27' title='bbox 147 438 245 478; x_wconf 89' lang='lat' dir='ltr'>sine</span> <span class='ocrx_word' id='word_1_28' title='bbox 276 450 575 491; x_wconf 86' lang='lat' dir='ltr'>personarum</span> <span class='ocrx_word' id='word_1_29' title='bbox 617 439 884 491; x_wconf 80' lang='lat' dir='ltr'>acceptione</span> <span class='ocrx_word' id='word_1_30' title='bbox 922 443 1003 478; x_wconf 85' lang='lat' dir='ltr'>tua</span> <span class='ocrx_word' id='word_1_31' title='bbox 1041 451 1231 480; x_wconf 88' lang='lat' dir='ltr'>munera</span> <span class='ocrx_word' id='word_1_32' title='bbox 1265 438 1465 493; x_wconf 83' lang='lat' dir='ltr'>largiris.</span> 
     </span>
     <span class='ocr_line' id='line_1_6' title="bbox 151 498 1469 557; baseline 0.001 -9"><span class='ocrx_word' id='word_1_33' title='bbox 151 498 313 548; x_wconf 86' lang='lat' dir='ltr'>Omnia</span> <span class='ocrx_word' id='word_1_34' title='bbox 339 518 395 548; x_wconf 86' lang='lat' dir='ltr'>ex</span> <span class='ocrx_word' id='word_1_35' title='bbox 409 512 479 557; x_wconf 80' lang='lat' dir='ltr'>te3</span> <span class='ocrx_word' id='word_1_36' title='bbox 514 511 559 548; x_wconf 91' lang='lat' dir='ltr'>et</span> <span class='ocrx_word' id='word_1_37' title='bbox 574 506 679 548; x_wconf 83' lang='lat' dir='ltr'>ideo</span> <span class='ocrx_word' id='word_1_38' title='bbox 699 509 745 547; x_wconf 92' lang='lat' dir='ltr'>in</span> <span class='ocrx_word' id='word_1_39' title='bbox 764 508 972 548; x_wconf 90' lang='lat' dir='ltr'>omnibus</span> <span class='ocrx_word' id='word_1_40' title='bbox 996 520 1043 549; x_wconf 90' lang='lat' dir='ltr'>es</span> <span class='ocrx_word' id='word_1_41' title='bbox 1064 508 1335 550; x_wconf 87' lang='lat' dir='ltr'>laudandus.</span> <span class='ocrx_word' id='word_1_42' title='bbox 1396 510 1469 549; x_wconf 93' lang='lat' dir='ltr'>Tu</span> 
     </span>
     <span class='ocr_line' id='line_1_7' title="bbox 149 576 1467 631; baseline 0.002 -14"><span class='ocrx_word' id='word_1_43' title='bbox 149 577 238 618; x_wconf 89' lang='lat' dir='ltr'>scis</span> <span class='ocrx_word' id='word_1_44' title='bbox 251 607 262 627; x_wconf 90' lang='lat'><strong>,</strong></span> <span class='ocrx_word' id='word_1_45' title='bbox 283 577 390 631; x_wconf 90' lang='lat' dir='ltr'>quid</span> <span class='ocrx_word' id='word_1_46' title='bbox 407 578 650 631; x_wconf 88' lang='lat' dir='ltr'>unicuique</span> <span class='ocrx_word' id='word_1_47' title='bbox 670 576 833 618; x_wconf 85' lang='lat' dir='ltr'>donari</span> <span class='ocrx_word' id='word_1_48' title='bbox 851 577 1086 631; x_wconf 82' lang='lat' dir='ltr'>expediat3</span> <span class='ocrx_word' id='word_1_49' title='bbox 1123 582 1169 618; x_wconf 89' lang='lat' dir='ltr'>et</span> <span class='ocrx_word' id='word_1_50' title='bbox 1185 591 1264 619; x_wconf 89' lang='lat' dir='ltr'>cur</span> <span class='ocrx_word' id='word_1_51' title='bbox 1281 579 1369 620; x_wconf 90' lang='lat' dir='ltr'>iste</span> <span class='ocrx_word' id='word_1_52' title='bbox 1386 579 1467 619; x_wconf 88' lang='lat' dir='ltr'>mi—</span> 
     </span>
     <span class='ocr_line' id='line_1_8' title="bbox 149 645 1468 701; baseline 0.002 -15"><span class='ocrx_word' id='word_1_53' title='bbox 149 660 232 687; x_wconf 90' lang='lat' dir='ltr'>nus</span> <span class='ocrx_word' id='word_1_54' title='bbox 261 651 307 688; x_wconf 88' lang='lat' dir='ltr'>et</span> <span class='ocrx_word' id='word_1_55' title='bbox 329 646 408 688; x_wconf 84' lang='lat' dir='ltr'>ille</span> <span class='ocrx_word' id='word_1_56' title='bbox 435 647 629 701; x_wconf 89' lang='lat' dir='ltr'>amplius</span> <span class='ocrx_word' id='word_1_57' title='bbox 654 645 844 698; x_wconf 87' lang='lat' dir='ltr'>habeat,</span> <span class='ocrx_word' id='word_1_58' title='bbox 870 659 961 687; x_wconf 91' lang='lat' dir='ltr'>non</span> <span class='ocrx_word' id='word_1_59' title='bbox 985 652 1211 698; x_wconf 83' lang='lat' dir='ltr'>nostrum,</span> <span class='ocrx_word' id='word_1_60' title='bbox 1237 648 1319 689; x_wconf 86' lang='lat' dir='ltr'>sed</span> <span class='ocrx_word' id='word_1_61' title='bbox 1341 653 1468 688; x_wconf 87' lang='lat' dir='ltr'>tuum</span> 
     </span>
     <span class='ocr_line' id='line_1_9' title="bbox 152 715 1469 771; baseline 0.001 -14"><span class='ocrx_word' id='word_1_62' title='bbox 152 722 221 757; x_wconf 91' lang='lat' dir='ltr'>est</span> <span class='ocrx_word' id='word_1_63' title='bbox 244 715 332 758; x_wconf 91' lang='lat' dir='ltr'>hoc</span> <span class='ocrx_word' id='word_1_64' title='bbox 358 717 641 768; x_wconf 83' lang='lat' dir='ltr'>discernere,</span> <span class='ocrx_word' id='word_1_65' title='bbox 670 716 789 771; x_wconf 88' lang='lat' dir='ltr'>apud</span> <span class='ocrx_word' id='word_1_66' title='bbox 816 729 948 771; x_wconf 90' lang='lat' dir='ltr'>quem</span> <span class='ocrx_word' id='word_1_67' title='bbox 974 717 1257 771; x_wconf 77' lang='lat' dir='ltr'>singulorum</span> <span class='ocrx_word' id='word_1_68' title='bbox 1281 717 1469 759; x_wconf 88' lang='lat' dir='ltr'>definita</span> 
     </span>
     <span class='ocr_line' id='line_1_10' title="bbox 151 788 449 828; baseline 0.003 -2"><span class='ocrx_word' id='word_1_69' title='bbox 151 791 256 827; x_wconf 87' lang='lat' dir='ltr'>sunt</span> <span class='ocrx_word' id='word_1_70' title='bbox 270 788 449 828; x_wconf 81' lang='lat' dir='ltr'>merita.</span> 
     </span>
     <span class='ocr_line' id='line_1_11' title="bbox 235 856 1495 911; baseline 0.002 -15"><span class='ocrx_word' id='word_1_71' title='bbox 235 856 275 896; x_wconf 84' lang='lat'>4.</span> <span class='ocrx_word' id='word_1_72' title='bbox 310 856 460 907; x_wconf 85' lang='lat' dir='ltr'>Unde,</span> <span class='ocrx_word' id='word_1_73' title='bbox 479 856 676 898; x_wconf 85' lang='lat' dir='ltr'>Domine</span> <span class='ocrx_word' id='word_1_74' title='bbox 695 857 847 906; x_wconf 89' lang='lat' dir='ltr'>Deus,</span> <span class='ocrx_word' id='word_1_75' title='bbox 865 869 947 910; x_wconf 81' lang='lat' dir='ltr'>pro</span> <span class='ocrx_word' id='word_1_76' title='bbox 966 868 1132 911; x_wconf 82' lang='lat' dir='ltr'>magno</span> <span class='ocrx_word' id='word_1_77' title='bbox 1154 857 1291 898; x_wconf 83' lang='lat' dir='ltr'>etiam</span> <span class='ocrx_word' id='word_1_78' title='bbox 1306 862 1468 910; x_wconf 89' lang='lat' dir='ltr'>reputo</span> <span class='ocrx_word' id='word_1_79' title='bbox 1491 891 1495 898; x_wconf 35' lang='lat' dir='ltr'>f</span> 
     </span>
    </p>
   </div>
   <div class='ocr_carea' id='block_1_3' title="bbox 150 925 1530 977">
    <p class='ocr_par' dir='ltr' id='par_1_3' title="bbox 150 925 1530 977">
     <span class='ocr_line' id='line_1_12' title="bbox 150 925 1530 977; baseline 0 -10"><span class='ocrx_word' id='word_1_80' title='bbox 150 928 392 977; x_wconf 86' lang='lat' dir='ltr'>beneficio,</span> <span class='ocrx_word' id='word_1_81' title='bbox 411 939 503 967; x_wconf 89' lang='lat' dir='ltr'>non</span> <span class='ocrx_word' id='word_1_82' title='bbox 518 927 663 968; x_wconf 86' lang='lat' dir='ltr'>multa</span> <span class='ocrx_word' id='word_1_83' title='bbox 679 925 873 977; x_wconf 82' lang='lat' dir='ltr'>habere,</span> <span class='ocrx_word' id='word_1_84' title='bbox 893 926 1012 968; x_wconf 89' lang='lat' dir='ltr'>unde</span> <span class='ocrx_word' id='word_1_85' title='bbox 1032 926 1231 968; x_wconf 79' lang='lat' dir='ltr'>exterius</span> <span class='ocrx_word' id='word_1_86' title='bbox 1251 931 1297 968; x_wconf 85' lang='lat' dir='ltr'>et</span> <span class='ocrx_word' id='word_1_87' title='bbox 1312 940 1469 968; x_wconf 84' lang='lat' dir='ltr'>secun·</span> <span class='ocrx_word' id='word_1_88' title='bbox 1528 971 1530 974; x_wconf 55' lang='grc'>,</span> 
     </span>
    </p>
   </div>
   <div class='ocr_carea' id='block_1_4' title="bbox 147 996 1530 1892">
    <p class='ocr_par' dir='ltr' id='par_1_4' title="bbox 147 996 1530 1892">
     <span class='ocr_line' id='line_1_13' title="bbox 151 996 1469 1052; baseline 0.002 -16"><span class='ocrx_word' id='word_1_89' title='bbox 151 997 257 1037; x_wconf 84' lang='lat' dir='ltr'>dum</span> <span class='ocrx_word' id='word_1_90' title='bbox 273 996 480 1038; x_wconf 88' lang='lat' dir='ltr'>homines</span> <span class='ocrx_word' id='word_1_91' title='bbox 497 997 598 1038; x_wconf 86' lang='lat' dir='ltr'>laus</span> <span class='ocrx_word' id='word_1_92' title='bbox 617 1002 663 1038; x_wconf 91' lang='lat' dir='ltr'>et</span> <span class='ocrx_word' id='word_1_93' title='bbox 679 997 832 1052; x_wconf 80' lang='lat' dir='ltr'>gloria</span> <span class='ocrx_word' id='word_1_94' title='bbox 855 1002 1066 1050; x_wconf 86' lang='lat' dir='ltr'>apparet:</span> <span class='ocrx_word' id='word_1_95' title='bbox 1098 997 1165 1037; x_wconf 87' lang='lat' dir='ltr'>ita</span> <span class='ocrx_word' id='word_1_96' title='bbox 1190 1001 1239 1037; x_wconf 89' lang='lat' dir='ltr'>ut</span> <span class='ocrx_word' id='word_1_97' title='bbox 1263 997 1469 1038; x_wconf 89' lang='lat' dir='ltr'>conside-</span> 
     </span>
     <span class='ocr_line' id='line_1_14' title="bbox 148 1067 1530 1121; baseline 0 -14"><span class='ocrx_word' id='word_1_98' title='bbox 148 1073 251 1107; x_wconf 84' lang='lat' dir='ltr'>rata</span> <span class='ocrx_word' id='word_1_99' title='bbox 277 1068 377 1121; x_wconf 87' lang='lat' dir='ltr'>quis</span> <span class='ocrx_word' id='word_1_100' title='bbox 402 1072 673 1121; x_wconf 83' lang='lat' dir='ltr'>paupertate</span> <span class='ocrx_word' id='word_1_101' title='bbox 707 1073 753 1108; x_wconf 90' lang='lat' dir='ltr'>et</span> <span class='ocrx_word' id='word_1_102' title='bbox 776 1067 951 1107; x_wconf 89' lang='lat' dir='ltr'>vilitate</span> <span class='ocrx_word' id='word_1_103' title='bbox 976 1079 1203 1120; x_wconf 81' lang='lat' dir='ltr'>personae</span> <span class='ocrx_word' id='word_1_104' title='bbox 1236 1079 1347 1108; x_wconf 88' lang='lat' dir='ltr'>suae</span> <span class='ocrx_word' id='word_1_105' title='bbox 1379 1080 1469 1108; x_wconf 91' lang='lat' dir='ltr'>non</span> <span class='ocrx_word' id='word_1_106' title='bbox 1527 1079 1530 1085; x_wconf 59' lang='lat'><strong><em>¹</em></strong></span> 
     </span>
     <span class='ocr_line' id='line_1_15' title="bbox 150 1137 1469 1191; baseline 0.001 -14"><span class='ocrx_word' id='word_1_107' title='bbox 150 1137 287 1178; x_wconf 85' lang='lat' dir='ltr'>modo</span> <span class='ocrx_word' id='word_1_108' title='bbox 307 1137 579 1191; x_wconf 82' lang='lat' dir='ltr'>gravitatem</span> <span class='ocrx_word' id='word_1_109' title='bbox 605 1142 684 1177; x_wconf 85' lang='lat' dir='ltr'>aut</span> <span class='ocrx_word' id='word_1_110' title='bbox 700 1137 934 1178; x_wconf 87' lang='lat' dir='ltr'>tristitiam</span> <span class='ocrx_word' id='word_1_111' title='bbox 949 1137 1025 1178; x_wconf 89' lang='lat' dir='ltr'>vel</span> <span class='ocrx_word' id='word_1_112' title='bbox 1042 1137 1346 1190; x_wconf 89' lang='lat' dir='ltr'>dejectionem</span> <span class='ocrx_word' id='word_1_113' title='bbox 1362 1138 1469 1178; x_wconf 90' lang='lat' dir='ltr'>inde</span> 
     </span>
     <span class='ocr_line' id='line_1_16' title="bbox 152 1205 1472 1261; baseline -0.001 -13"><span class='ocrx_word' id='word_1_114' title='bbox 152 1208 400 1261; x_wconf 80' lang='lat' dir='ltr'>concipiat,</span> <span class='ocrx_word' id='word_1_115' title='bbox 435 1206 517 1248; x_wconf 88' lang='lat' dir='ltr'>sed</span> <span class='ocrx_word' id='word_1_116' title='bbox 542 1208 694 1260; x_wconf 88' lang='lat' dir='ltr'>potius</span> <span class='ocrx_word' id='word_1_117' title='bbox 722 1207 1084 1248; x_wconf 78' lang='lat' dir='ltr'>consolationem</span> <span class='ocrx_word' id='word_1_118' title='bbox 1119 1213 1164 1247; x_wconf 83' lang='lat' dir='ltr'>et</span> <span class='ocrx_word' id='word_1_119' title='bbox 1191 1205 1472 1248; x_wconf 87' lang='lat' dir='ltr'>hilaritatem</span> 
     </span>
     <span class='ocr_line' id='line_1_17' title="bbox 152 1271 1530 1332; baseline 0.001 -15"><span class='ocrx_word' id='word_1_120' title='bbox 152 1290 382 1332; x_wconf 80' lang='lat' dir='ltr'>magnam,</span> <span class='ocrx_word' id='word_1_121' title='bbox 411 1277 518 1331; x_wconf 89' lang='lat' dir='ltr'>quia</span> <span class='ocrx_word' id='word_1_122' title='bbox 533 1280 603 1327; x_wconf 86' lang='lat' dir='ltr'>tu,</span> <span class='ocrx_word' id='word_1_123' title='bbox 629 1277 778 1327; x_wconf 88' lang='lat' dir='ltr'>Deus,</span> <span class='ocrx_word' id='word_1_124' title='bbox 805 1289 1031 1331; x_wconf 79' lang='lat' dir='ltr'>pauperes</span> <span class='ocrx_word' id='word_1_125' title='bbox 1059 1281 1104 1318; x_wconf 86' lang='lat' dir='ltr'>et</span> <span class='ocrx_word' id='word_1_126' title='bbox 1119 1274 1313 1318; x_wconf 88' lang='lat' dir='ltr'>humiles</span> <span class='ocrx_word' id='word_1_127' title='bbox 1333 1282 1469 1331; x_wconf 88' lang='lat' dir='ltr'>atque</span> <span class='ocrx_word' id='word_1_128' title='bbox 1528 1271 1530 1325; x_wconf 67' lang='grc' dir='ltr'>ἶ</span> 
     </span>
     <span class='ocr_line' id='line_1_18' title="bbox 151 1346 1474 1403; baseline 0.001 -16"><span class='ocrx_word' id='word_1_129' title='bbox 151 1347 256 1388; x_wconf 90' lang='lat' dir='ltr'>huic</span> <span class='ocrx_word' id='word_1_130' title='bbox 279 1347 448 1388; x_wconf 88' lang='lat' dir='ltr'>mundo</span> <span class='ocrx_word' id='word_1_131' title='bbox 476 1346 720 1401; x_wconf 91' lang='lat' dir='ltr'>despectos</span> <span class='ocrx_word' id='word_1_132' title='bbox 745 1349 831 1389; x_wconf 89' lang='lat' dir='ltr'>tibi</span> <span class='ocrx_word' id='word_1_133' title='bbox 863 1347 1045 1403; x_wconf 84' lang='lat' dir='ltr'>elegisti</span> <span class='ocrx_word' id='word_1_134' title='bbox 1069 1347 1116 1387; x_wconf 92' lang='lat' dir='ltr'>in</span> <span class='ocrx_word' id='word_1_135' title='bbox 1141 1346 1392 1389; x_wconf 85' lang='lat' dir='ltr'>familiares</span> <span class='ocrx_word' id='word_1_136' title='bbox 1428 1352 1474 1388; x_wconf 92' lang='lat' dir='ltr'>et</span> 
     </span>
     <span class='ocr_line' id='line_1_19' title="bbox 151 1416 1470 1472; baseline 0 -15"><span class='ocrx_word' id='word_1_137' title='bbox 151 1417 443 1458; x_wconf 87' lang='lat' dir='ltr'>domesticos.</span> <span class='ocrx_word' id='word_1_138' title='bbox 520 1418 685 1459; x_wconf 83' lang='lat' dir='ltr'>Testes</span> <span class='ocrx_word' id='word_1_139' title='bbox 718 1424 823 1459; x_wconf 90' lang='lat' dir='ltr'>sunt</span> <span class='ocrx_word' id='word_1_140' title='bbox 852 1418 941 1472; x_wconf 90' lang='lat' dir='ltr'>ipsi</span> <span class='ocrx_word' id='word_1_141' title='bbox 971 1416 1181 1471; x_wconf 87' lang='lat' dir='ltr'>Apostoli</span> <span class='ocrx_word' id='word_1_142' title='bbox 1217 1417 1306 1468; x_wconf 89' lang='lat' dir='ltr'>tui,</span> <span class='ocrx_word' id='word_1_143' title='bbox 1357 1429 1470 1471; x_wconf 88' lang='lat' dir='ltr'>quos</span> 
     </span>
     <span class='ocr_line' id='line_1_20' title="bbox 151 1487 1470 1541; baseline 0 -14"><span class='ocrx_word' id='word_1_144' title='bbox 151 1487 440 1540; x_wconf 89' lang='lat' dir='ltr'>principes</span> <span class='ocrx_word' id='word_1_145' title='bbox 480 1500 650 1541; x_wconf 86' lang='lat' dir='ltr'>super</span> <span class='ocrx_word' id='word_1_146' title='bbox 689 1501 900 1530; x_wconf 88' lang='lat' dir='ltr'>omnem</span> <span class='ocrx_word' id='word_1_147' title='bbox 929 1493 1139 1529; x_wconf 86' lang='lat' dir='ltr'>terram</span> <span class='ocrx_word' id='word_1_148' title='bbox 1173 1487 1470 1528; x_wconf 87' lang='lat' dir='ltr'>constitui-</span> 
     </span>
     <span class='ocr_line' id='line_1_21' title="bbox 151 1557 1470 1612; baseline 0 -16"><span class='ocrx_word' id='word_1_149' title='bbox 151 1570 169 1596; x_wconf 89' lang='lat' dir='ltr'>s</span> <span class='ocrx_word' id='word_1_150' title='bbox 182 1557 238 1596; x_wconf 88' lang='lat' dir='ltr'>ti.</span> <span class='ocrx_word' id='word_1_151' title='bbox 295 1557 499 1598; x_wconf 88' lang='lat' dir='ltr'>Fuerunt</span> <span class='ocrx_word' id='word_1_152' title='bbox 514 1562 668 1598; x_wconf 89' lang='lat' dir='ltr'>tamen</span> <span class='ocrx_word' id='word_1_153' title='bbox 685 1559 784 1599; x_wconf 88' lang='lat' dir='ltr'>sine</span> <span class='ocrx_word' id='word_1_154' title='bbox 803 1558 992 1612; x_wconf 88' lang='lat' dir='ltr'>querela</span> <span class='ocrx_word' id='word_1_155' title='bbox 1008 1557 1265 1598; x_wconf 86' lang='lat' dir='ltr'>conversati</span> <span class='ocrx_word' id='word_1_156' title='bbox 1282 1557 1328 1596; x_wconf 91' lang='lat' dir='ltr'>in</span> <span class='ocrx_word' id='word_1_157' title='bbox 1345 1569 1470 1597; x_wconf 89' lang='lat' dir='ltr'>mun-</span> 
     </span>
     <span class='ocr_line' id='line_1_22' title="bbox 151 1624 1472 1681; baseline -0.001 -14"><span class='ocrx_word' id='word_1_158' title='bbox 151 1627 208 1667; x_wconf 88' lang='lat' dir='ltr'>do</span> <span class='ocrx_word' id='word_1_159' title='bbox 241 1631 335 1667; x_wconf 88' lang='lat' dir='ltr'>tam</span> <span class='ocrx_word' id='word_1_160' title='bbox 367 1624 561 1668; x_wconf 88' lang='lat' dir='ltr'>humiles</span> <span class='ocrx_word' id='word_1_161' title='bbox 596 1632 642 1668; x_wconf 89' lang='lat' dir='ltr'>et</span> <span class='ocrx_word' id='word_1_162' title='bbox 665 1627 917 1681; x_wconf 85' lang='lat' dir='ltr'>simplices,</span> <span class='ocrx_word' id='word_1_163' title='bbox 951 1628 1049 1668; x_wconf 89' lang='lat' dir='ltr'>sine</span> <span class='ocrx_word' id='word_1_164' title='bbox 1075 1628 1194 1667; x_wconf 86' lang='lat' dir='ltr'>omni</span> <span class='ocrx_word' id='word_1_165' title='bbox 1222 1627 1401 1667; x_wconf 82' lang='lat' dir='ltr'>malitia</span> <span class='ocrx_word' id='word_1_166' title='bbox 1427 1633 1472 1668; x_wconf 90' lang='lat' dir='ltr'>et</span> 
     </span>
     <span class='ocr_line' id='line_1_23' title="bbox 149 1695 1470 1751; baseline 0.001 -15"><span class='ocrx_word' id='word_1_167' title='bbox 149 1695 279 1747; x_wconf 84' lang='lat' dir='ltr'>dolo,</span> <span class='ocrx_word' id='word_1_168' title='bbox 320 1702 373 1737; x_wconf 88' lang='lat' dir='ltr'>ut</span> <span class='ocrx_word' id='word_1_169' title='bbox 412 1698 550 1737; x_wconf 88' lang='lat' dir='ltr'>etiam</span> <span class='ocrx_word' id='word_1_170' title='bbox 581 1710 608 1751; x_wconf 90' lang='lat' dir='ltr'>p</span> <span class='ocrx_word' id='word_1_171' title='bbox 623 1698 702 1738; x_wconf 88' lang='lat' dir='ltr'>ati</span> <span class='ocrx_word' id='word_1_172' title='bbox 741 1697 1118 1738; x_wconf 86' lang='lat' dir='ltr'>contumelias</span> <span class='ocrx_word' id='word_1_173' title='bbox 1151 1696 1293 1750; x_wconf 83' lang='lat' dir='ltr'>gaud</span> <span class='ocrx_word' id='word_1_174' title='bbox 1308 1703 1470 1738; x_wconf 88' lang='lat' dir='ltr'>erent</span> 
     </span>
     <span class='ocr_line' id='line_1_24' title="bbox 147 1765 1466 1822; baseline 0.001 -16"><span class='ocrx_word' id='word_1_175' title='bbox 147 1778 246 1819; x_wconf 86' lang='lat' dir='ltr'>pro</span> <span class='ocrx_word' id='word_1_176' title='bbox 278 1779 306 1805; x_wconf 90' lang='lat' dir='ltr'>n</span> <span class='ocrx_word' id='word_1_177' title='bbox 319 1779 344 1807; x_wconf 91' lang='lat'>0</span> <span class='ocrx_word' id='word_1_178' title='bbox 357 1767 502 1807; x_wconf 86' lang='lat' dir='ltr'>mine</span> <span class='ocrx_word' id='word_1_179' title='bbox 535 1772 630 1807; x_wconf 89' lang='lat' dir='ltr'>tuo</span> <span class='ocrx_word' id='word_1_180' title='bbox 643 1797 655 1817; x_wconf 95' lang='lat'>‚</span> <span class='ocrx_word' id='word_1_181' title='bbox 691 1771 736 1808; x_wconf 87' lang='lat' dir='ltr'>et</span> <span class='ocrx_word' id='word_1_182' title='bbox 760 1779 877 1822; x_wconf 86' lang='lat' dir='ltr'>quae</span> <span class='ocrx_word' id='word_1_183' title='bbox 894 1767 1086 1808; x_wconf 87' lang='lat' dir='ltr'>mundus</span> <span class='ocrx_word' id='word_1_184' title='bbox 1115 1765 1354 1818; x_wconf 86' lang='lat' dir='ltr'>abhorret,</span> <span class='ocrx_word' id='word_1_185' title='bbox 1379 1767 1466 1821; x_wconf 84' lang='lat' dir='ltr'>ipsi</span> 
     </span>
     <span class='ocr_line' id='line_1_25' title="bbox 149 1833 1269 1892; baseline 0.002 -16"><span class='ocrx_word' id='word_1_186' title='bbox 149 1836 534 1890; x_wconf 84' lang='lat' dir='ltr'>amplecterentur</span> <span class='ocrx_word' id='word_1_187' title='bbox 552 1835 719 1878; x_wconf 82' lang='lat' dir='ltr'>affectu</span> <span class='ocrx_word' id='word_1_188' title='bbox 736 1849 920 1892; x_wconf 83' lang='lat' dir='ltr'>magno.</span> <span class='ocrx_word' id='word_1_189' title='bbox 1266 1833 1269 1835; x_wconf 70' lang='grc'><strong>’</strong></span> 
     </span>
    </p>
   </div>
   <div class='ocr_carea' id='block_1_5' title="bbox 147 1914 1467 2180">
    <p class='ocr_par' dir='ltr' id='par_1_5' title="bbox 147 1914 1467 2180">
     <span class='ocr_line' id='line_1_26' title="bbox 229 1914 1466 1970; baseline -0.001 -15"><span class='ocrx_word' id='word_1_190' title='bbox 229 1916 269 1955; x_wconf 85' lang='grc'>5.</span> <span class='ocrx_word' id='word_1_191' title='bbox 301 1914 428 1957; x_wconf 90' lang='lat' dir='ltr'>Nihil</span> <span class='ocrx_word' id='word_1_192' title='bbox 446 1928 555 1970; x_wconf 86' lang='lat' dir='ltr'>ergo</span> <span class='ocrx_word' id='word_1_193' title='bbox 577 1920 963 1957; x_wconf 86' lang='lat' dir='ltr'>amatoremtuum</span> <span class='ocrx_word' id='word_1_194' title='bbox 980 1920 1027 1957; x_wconf 84' lang='lat' dir='ltr'>et</span> <span class='ocrx_word' id='word_1_195' title='bbox 1037 1917 1320 1970; x_wconf 84' lang='lat' dir='ltr'>cognitorem</span> <span class='ocrx_word' id='word_1_196' title='bbox 1330 1915 1466 1955; x_wconf 88' lang='lat' dir='ltr'>bene-</span> 
     </span>
     <span class='ocr_line' id='line_1_27' title="bbox 149 1984 1464 2037; baseline -0.002 -11"><span class='ocrx_word' id='word_1_197' title='bbox 149 1985 354 2027; x_wconf 67' lang='lat' dir='ltr'>liciorum</span> <span class='ocrx_word' id='word_1_198' title='bbox 371 1991 553 2026; x_wconf 85' lang='lat' dir='ltr'>tuorum</span> <span class='ocrx_word' id='word_1_199' title='bbox 569 1987 635 2027; x_wconf 87' lang='lat' dir='ltr'>ita</span> <span class='ocrx_word' id='word_1_200' title='bbox 651 1986 904 2027; x_wconf 84' lang='lat' dir='ltr'>laetificare</span> <span class='ocrx_word' id='word_1_201' title='bbox 930 1986 1088 2037; x_wconf 87' lang='lat' dir='ltr'>debet,</span> <span class='ocrx_word' id='word_1_202' title='bbox 1115 1987 1232 2027; x_wconf 87' lang='lat' dir='ltr'>sicut</span> <span class='ocrx_word' id='word_1_203' title='bbox 1255 1984 1464 2025; x_wconf 82' lang='lat' dir='ltr'>voluntas</span> 
     </span>
     <span class='ocr_line' id='line_1_28' title="bbox 147 2056 1464 2109; baseline -0.002 -14"><span class='ocrx_word' id='word_1_204' title='bbox 147 2063 226 2096; x_wconf 86' lang='lat' dir='ltr'>tua</span> <span class='ocrx_word' id='word_1_205' title='bbox 242 2056 286 2096; x_wconf 91' lang='lat' dir='ltr'>in</span> <span class='ocrx_word' id='word_1_206' title='bbox 306 2068 361 2097; x_wconf 92' lang='lat' dir='ltr'>eo</span> <span class='ocrx_word' id='word_1_207' title='bbox 381 2056 772 2109; x_wconf 87' lang='lat' dir='ltr'>etbeneplacitum</span> <span class='ocrx_word' id='word_1_208' title='bbox 783 2061 999 2098; x_wconf 83' lang='lat' dir='ltr'>aeternae</span> <span class='ocrx_word' id='word_1_209' title='bbox 1011 2056 1325 2109; x_wconf 85' lang='lat' dir='ltr'>dispositionis</span> <span class='ocrx_word' id='word_1_210' title='bbox 1335 2059 1464 2094; x_wconf 85' lang='lat' dir='ltr'>tuae:</span> 
     </span>
     <span class='ocr_line' id='line_1_29' title="bbox 148 2125 1467 2180; baseline -0.002 -14"><span class='ocrx_word' id='word_1_211' title='bbox 148 2126 203 2167; x_wconf 78' lang='lat' dir='ltr'>(le</span> <span class='ocrx_word' id='word_1_212' title='bbox 231 2138 320 2180; x_wconf 87' lang='lat' dir='ltr'>qua</span> <span class='ocrx_word' id='word_1_213' title='bbox 343 2131 518 2167; x_wconf 87' lang='lat' dir='ltr'>tantum</span> <span class='ocrx_word' id='word_1_214' title='bbox 545 2127 799 2167; x_wconf 85' lang='lat' dir='ltr'>contentari</span> <span class='ocrx_word' id='word_1_215' title='bbox 824 2126 963 2167; x_wconf 83' lang='lat' dir='ltr'>debet</span> <span class='ocrx_word' id='word_1_216' title='bbox 987 2132 1032 2166; x_wconf 92' lang='lat' dir='ltr'>et</span> <span class='ocrx_word' id='word_1_217' title='bbox 1057 2125 1310 2174; x_wconf 83' lang='lat' dir='ltr'>consolari,</span> <span class='ocrx_word' id='word_1_218' title='bbox 1336 2129 1386 2164; x_wconf 91' lang='lat' dir='ltr'>ut</span> <span class='ocrx_word' id='word_1_219' title='bbox 1401 2125 1467 2164; x_wconf 83' lang='lat' dir='ltr'>ita</span> 
     </span>
    </p>
   </div>
   <div class='ocr_carea' id='block_1_6' title="bbox 237 2264 957 2309">
    <p class='ocr_par' dir='ltr' id='par_1_6' title="bbox 237 2264 957 2309">
     <span class='ocr_line' id='line_1_30' title="bbox 237 2264 957 2309; baseline -0.003 -11"><span class='ocrx_word' id='word_1_220' title='bbox 237 2269 270 2298; x_wconf 81' lang='lat'>4.</span> <span class='ocrx_word' id='word_1_221' title='bbox 299 2264 440 2299; x_wconf 80' lang='lat' dir='ltr'>Psalm.</span> <span class='ocrx_word' id='word_1_222' title='bbox 460 2269 505 2299; x_wconf 80' lang='lat'>44</span> <span class='ocrx_word' id='word_1_223' title='bbox 525 2266 619 2309; x_wconf 82' lang='lat'>(45),</span> <span class='ocrx_word' id='word_1_224' title='bbox 641 2268 696 2299; x_wconf 73' lang='lat'>17.</span> <span class='ocrx_word' id='word_1_225' title='bbox 747 2265 830 2300; x_wconf 81' lang='lat' dir='ltr'>Act.</span> <span class='ocrx_word' id='word_1_226' title='bbox 851 2269 882 2303; x_wconf 89' lang='lat'>5.</span> <span class='ocrx_word' id='word_1_227' title='bbox 901 2269 957 2299; x_wconf 82' lang='lat'>41.</span> 
     </span>
    </p>
   </div>
  </div>
 </body>
</html>
