1530 2517
121 97 173 138 56
528 98 608 134 DE
642 98 1034 135 {MITATIONE

123 207 257 250 quam
281 193 411 235 facis.
470 194 658 235 Habeas
686 195 1009 236 conscientiam
1026 194 1216 245 bonam,
1245 199 1290 235 et
1312 195 1439 236 Deus

120 266 237 305 bene
276 268 322 304 te
363 261 635 304 defensabit.
713 264 858 313 Quem
900 264 1018 304 enim
1055 265 1182 306 Deus
1223 264 1440 318 adjuvare

122 334 338 382 voluerit,
365 332 532 373 nullius
564 335 842 386 perversitas
875 347 1043 375 nocere
1067 333 1251 387 poterit.
1313 333 1362 375 Si
1393 338 1443 374 tu

120 404 208 444 scis
239 407 394 443 tacere
423 407 467 443 et
498 404 616 456 pati,
649 403 824 444 videbis
856 404 1015 456 procul
1049 404 1186 444 dubio
1222 403 1439 444 auxilium

122 473 319 514 Domini.
379 473 480 526 Ipse
506 474 632 513 novit
655 478 832 526 tempus
861 478 906 513 et
928 473 1112 514 modum
1136 473 1361 514 liberandi
1377 478 1438 523 te,

123 547 168 583 et
190 542 295 582 ideo
312 546 359 582 te
386 542 525 583 debes
550 543 618 582 illi
643 544 896 597 resignare.
955 544 1043 584 Dei
1072 548 1142 584 est
1159 543 1376 597 adjuvare
1397 547 1442 583 et

123 613 178 653 ab
207 612 329 653 omni
354 611 622 653 confusione
647 613 861 654 liberare.
922 612 1069 667 Saepe
1093 613 1227 653 valde
1251 613 1441 666 prodest

125 682 179 722 ad
198 682 421 736 majorem
445 681 748 724 humilitatem
774 682 1066 734 servandam,
1094 682 1215 737 quod
1233 681 1438 724 defectus

123 756 306 793 nostros
326 752 405 793 alii
422 753 570 793 sciunt
588 757 633 794 et
646 752 943 806 redarguunt.

205 824 245 862 2.
281 822 473 872 Quando
493 820 628 863 homo
655 835 737 876 pro
758 821 1013 863 defectibus
1038 823 1131 863 suis
1149 835 1199 863 se
1217 821 1442 872 humiliat,

123 897 230 934 tunc
245 891 445 933 faciliter
463 892 577 933 alios
597 892 748 945 placat
765 897 811 933 et·
826 892 991 934 leviter
1007 892 1234 933 satisfacit
1250 893 1337 933 sibi
1354 893 1441 932 ira·
1502 924 1505 925 ν

124 963 367 1004 scentibus.
427 963 659 1002 Humilem
676 963 802 1003 Deus
819 964 1023 1017 protegit
1041 968 1085 1004 et
1102 964 1282 1013 liberat,
1301 961 1441 1002 humi-

125 1033 215 1073 lem
233 1032 384 1087 diligit
402 1037 447 1073 et
472 1033 757 1083 consolatur,
784 1031 940 1073 humili
968 1031 1140 1073 homini
1166 1045 1215 1072 se
1240 1032 1442 1082 inclinat,

125 1100 284 1143 humili
301 1102 495 1156 largitur
512 1103 706 1156 gratiam
723 1115 934 1156 magnam
948 1107 1106 1156 etpost
1122 1114 1249 1142 suam
1261 1101 1443 1155 depres-

125 1173 301 1214 sionem
326 1172 450 1214 levat
475 1172 533 1212 ad
558 1172 767 1226 gloriam.
828 1173 1004 1213 Humili
1021 1185 1104 1213 sua
1121 1177 1301 1212 secreta
1315 1183 1444 1213 :reve-

127 1242 214 1293 lat,
242 1247 287 1284 et
304 1242 362 1283 ad
387 1255 436 1284 se
463 1242 658 1283 dulciter
679 1241 822 1283 trahit
847 1248 892 1284 et
915 1243 1090 1283 invitat.
1149 1242 1347 1282 Humilis
1375 1254 1446 1283 ac-

130 1317 262 1367 cepta
287 1312 554 1354 confusione
582 1314 694 1353 satis
718 1313 835 1354 bene
863 1318 932 1354 est
947 1314 992 1352 in
1010 1325 1146 1366 pace,
1174 1312 1280 1365 quia
1297 1316 1388 1352 stat
1403 1311 1447 1351 in

128 1384 230 1424 Deo
259 1387 304 1424 et
327 1396 417 1423 non
441 1384 486 1423 in
511 1383 695 1423 mundo.
754 1383 858 1424 Non
882 1389 1082 1436 reputes,
1098 1387 1143 1423 te
1158 1381 1329 1435 aliquid
1347 1394 1448 1434 pro-

132 1452 314 1503 fecisse,
333 1453 420 1493 nisi
441 1453 648 1494 omnibus
666 1452 934 1515 inferiorem
953 1461 997 1494 te
1017 1466 1118 1494 esse
1137 1453 1324 1493 sentias.

553 1888 837 1934 *CAPUT
900 1889 1004 1933 ΙΙΙ.

461 2000 532 2042 De
566 2001 675 2044 bono
709 2001 901 2058 Ραεξῖἱυυ
934 2001 1122 2043 homine.

215 2149 256 2188 1.
289 2131 417 2189 Tene
434 2151 479 2187 tc
496 2148 641 2200 primo
659 2147 705 2187 in
723 2159 851 2200 pace,
867 2151 912 2187 et
926 2152 1033 2188 tunc
1053 2148 1222 2201 poteris
1241 2147 1357 2187 alios
1375 2159 1451 2200 pa-

135 2222 331 2262 cificare.
392 2222 544 2260 Homo
564 2222 780 2274 pacificus
798 2222 943 2274 magis
963 2221 1163 2273 prodest,
1185 2235 1316 2275 qnam
1334 2222 1451 2262 bene
