1530 2517
130 124 184 165 14
534 130 617 167 DE
646 104 1049 172 ῙΜΙΤΑΤΙΟΝΕ

576 261 838 308 CAPUT
900 264 1003 309 IX.

412 356 483 400 De
518 359 766 403 obedientia
799 370 843 404 et
874 364 1157 418 subjectione.

203 482 244 521 1.
290 467 438 523 Valde
469 494 683 537 magnum
716 490 786 526 est
814 486 862 526 in
895 488 1158 531 obedientia
1188 496 1327 544 stare,
1361 497 1444 535 sub

119 554 329 607 praelato
357 556 510 596 vivere
539 560 585 597 et
609 557 680 597 sui
698 557 816 610 juris
841 571 933 599 non
959 573 1075 602 esse.
1134 548 1283 605 Multo
1301 566 1442 606 tutius

120 627 191 663 est
206 627 329 665 stare
346 624 392 664 in
417 625 718 679 subJectione,
745 639 881 681 quam
896 629 944 669 in
966 631 1247 684 praelatura.
1305 635 1443 675 Multi

116 697 222 733 sunt
245 694 327 735 sub
354 694 618 736 obedientia
640 697 788 750 magis
816 709 873 738 ex
895 701 1196 753 necessitate,
1224 716 1359 757 quam
1387 718 1441 746 ex

117 764 330 814 caritate3
359 769 404 805 et
418 765 486 804 illi
502 777 698 818 poenam
716 765 887 809 habent
904 773 951 810 et
965 769 1130 812 leviter
1144 780 1439 816 murmurant.

113 832 213 873 Nec
228 833 487 875 libertatem
504 837 668 876 mentis
688 838 945 891 acquirent,
979 840 1068 881 nisi
1094 853 1150 882 ex
1172 846 1273 884 toto
1302 845 1440 886 corde

112 907 305 956 propter
319 904 467 945 Deum
485 918 534 946 se
553 906 812 960 subjiciant.
873 909 1017 951 Curre
1041 908 1116 952 hic
1138 912 1214 953 vel
1236 914 1322 954 ibi:
1350 927 1439 955 non
1491 920 1494 921 ’

112 973 318 1014 invenies
338 974 549 1028 quietem,
561 976 650 1016 nisi
666 977 711 1016 in
728 974 888 1018 humili
905 980 1191 1034 subjectione
1208 983 1291 1024 sub
1309 996 1440 1037 prae-

114 1043 199 1083 lati
213 1044 451 1097 regimine.
510 1046 784 1101 Imaginatio
810 1048 1020 1091 locorum
1046 1056 1093 1093 et
1113 1054 1307 1095 mutatio
1325 1054 1438 1095 mul-

112 1117 187 1154 tos
204 1112 387 1154 fefellit.

196 1185 237 1224 2.
268 1184 439 1226 Verum
458 1190 540 1236 est,
560 1186 680 1240 quod
698 1190 1009 1245 unusquisque
1025 1190 1222 1234 libenter
1240 1194 1338 1248 agit
1353 1207 1436 1248 pro

113 1265 252 1294 sensu
283 1267 366 1295 suo
402 1260 448 1296 et
476 1256 723 1298 inclinatur
755 1258 814 1299 ad
848 1272 928 1301 eos
959 1262 1130 1316 magis,
1173 1263 1251 1317 qui
1281 1277 1437 1305 secum

112 1325 327 1365 sentiunt.
389 1325 480 1366 Sed
497 1326 536 1366 si
559 1326 687 1367 Deus
707 1332 777 1368 est
791 1329 912 1370 inter
925 1342 1034 1381 nos,
1060 1344 1250 1374 necesse
1270 1338 1362 1385 est,
1389 1341 1440 1375 ut

109 1394 420 1448 relinquamus
448 1396 585 1436 etiam
612 1397 886 1454 quandoque
910 1405 1118 1442 nostrum
1144 1404 1316 1445 sentire
1333 1417 1437 1458 pro-

108 1468 213 1517 pter
227 1464 398 1505 bonum
413 1467 554 1519 pacis.
617 1467 729 1517 Quis
756 1472 827 1509 est
848 1468 915 1509 ita
940 1471 1147 1524 sapiens,
1182 1473 1260 1528 qui
1284 1475 1438 1515 omnia

108 1533 244 1587 plene
261 1535 380 1576 scire
397 1534 712 1591 potestCtErgo
731 1538 850 1579 nolis
861 1539 995 1580 nimis
1011 1541 1058 1581 in
1075 1554 1214 1584 sensu
1230 1548 1310 1584 tuo
1331 1557 1435 1585 con-

110 1603 268 1654 fidere,
283 1605 365 1646 sed
373 1606 487 1647 velis
501 1607 638 1647 etiam
647 1607 846 1649 libenter
856 1609 1052 1650 aliorum
1062 1624 1245 1652 sensum
1258 1613 1433 1655 audire.

111 1672 161 1714 Si
190 1673 360 1715 bonum
392 1680 462 1716 est
490 1681 619 1717 tuum
651 1678 838 1729 sentire,
874 1684 919 1720 et
949 1678 1038 1722 hoc
1066 1683 1216 1735 ipsum
1245 1688 1436 1737 propter

107 1743 258 1785 Deum
285 1744 474 1787 dimittis
500 1751 546 1788 et
562 1747 701 1788 alium
725 1750 955 1803 sequeris,
981 1752 1129 1806 magis
1148 1752 1312 1794 exinde
1329 1766 1434 1807 pro-

108 1814 251 1855 ficies.
1268 1861 1270 1864 Α

193 1884 233 1925 3.
264 1885 427 1927 Audivi
445 1888 563 1928 enim
580 1900 744 1943 saepe,
772 1891 977 1931 securius
997 1904 1099 1933 esse
1119 1892 1278 1934 audire
1298 1898 1345 1934 et
1361 1906 1433 1935 ac-

110 1954 261 2007 cipere
295 1957 555 2009 consilium,
590 1971 724 2012 quam
756 1958 882 2001 dare.
955 1960 1118 2003 Potest
1158 1963 1295 2004 etiam
1329 1976 1433 2004 con-

105 2024 309 2078 tingere,
350 2031 401 2067 ut
430 2028 599 2069 bonum
631 2030 692 2070 sit
726 2030 1083 2086 uniuscujusque
1116 2034 1310 2083 sentire3
1351 2034 1433 2075 sed

105 2095 230 2136 nolle
242 2095 344 2137 aliis
363 2100 670 2152 acquiescere,
684 2112 784 2141 cum
799 2099 848 2140 id
862 2101 982 2141 ratio
1003 2106 1082 2142 aut
1098 2114 1261 2144 caussa
1277 2108 1427 2156 postu·

105 2164 185 2214 lat,
205 2167 383 2219 signum
404 2173 473 2208 est
489 2169 732 2221 superbiae
752 2174 798 2210 et
814 2171 1111 2223 pertinaciae.

740 2276 929 2298 520-—
