1530 2517
264 107 526 145 CHRISTI
583 108 691 144 LlR.
724 107 795 144 111.
837 108 959 146 CAP.
993 109 1144 147 50.51.
1288 108 1368 148 175

41 204 351 258 corruptelam
385 204 444 244 ad
467 203 694 245 inferiora
719 203 1024 256 descendere,
1061 210 1107 246 et
1133 218 1247 246 onus
1275 218 1373 247 cor-

37 275 269 328 ruptibilis
295 275 419 315 vitae
446 276 585 316 etiam
608 275 751 316 invite
786 279 831 315 et
857 288 958 316 cum
980 275 1139 318 taedio
1166 281 1370 331 portare.

5 350 9 354 '
40 345 270 394 Quamdiu
295 345 491 386 mortale
518 357 684 399 corpus
711 346 860 399 geriS,
890 345 1094 387 taedium
1121 349 1292 389 senties
1329 356 1374 389 et

36 428 285 470 gravamen
313 415 480 457 cordis.
544 416 740 469 Oportet
765 429 876 470 ergo
905 429 1046 471 saepe
1077 419 1124 457 in
1151 431 1286 460 earne
1315 419 1371 461 de

38 488 189 527 earnis
224 499 365 527 onere
391 499 601 540 gemere,
638 499 693 527 eo
722 486 846 541 quod
877 500 971 528 non
993 488 1123 529 vales
1157 490 1370 542 spiritua-

34 557 154 598 libus
181 557 344 598 studiis
372 562 418 598 et
442 557 624 599 divinae
652 557 1030 611 contemplationi
1055 559 1372 603 indesinenter

32 625 293 668 inhaerere.

115 699 156 738 2.
189 698 320 739 Tunc
339 697 525 751 expedit
542 698 626 738 tibi
644 697 702 738 ad
719 696 912 738 humilia
938 704 984 740 et
1008 700 1241 740 exteriora
1261 713 1367 755 ope-

28 780 84 809 ra
107 767 360 822 confugere
388 772 434 809 et
456 769 504 808 in
521 769 655 810 bonis
675 769 851 810 actibus
871 773 916 810 te
932 782 1172 821 recreare,
1201 771 1368 812 adven-

29 844 125 878 tum
166 850 317 880 meum
357 842 404 879 et
435 851 682 892 supernam
717 839 1029 881 visitationem
1063 841 1196 881 firma
1230 843 1368 882 confi-

32 908 189 949 dentia
208 913 501 962 exspectare,
530 909 720 951 exilium
735 914 863 950 tuum
892 914 938 952 et
963 909 1227 952 ariditatem
1243 923 1366 952 men-

29 980 88 1020 tis
105 980 336 1032 patienter
360 978 580 1031 sufferre,
608 979 757 1025 donec
772 981 942 1022 iterum
961 993 988 1021 a
1004 993 1077 1021 me
1096 981 1297 1022 visiteris
1322 987 1368 1022 et

29 1050 88 1091 ab
114 1050 324 1095 omnibus
353 1050 664 1091 anxietatibus
690 1050 918 1092 libereris.
979 1051 1099 1092 Nam
1123 1050 1293 1092 faciam
1319 1057 1364 1092 te

26 1119 240 1165 laborum
258 1120 469 1163 oblivisci
495 1125 542 1163 et
558 1121 742 1163 interna
760 1121 913 1176 quiete
931 1120 1123 1175 perfrui.
1183 1121 1365 1176 Expan-

29 1189 134 1230 dam
153 1202 309 1232 coram
324 1195 372 1233 te
389 1197 524 1245 prata
545 1192 898 1247 scripturarum,
924 1196 976 1231 ut
1001 1191 1196 1233 dilatato
1224 1192 1365 1234 eorde

28 1273 214 1302 currere
252 1262 448 1315 incipias
488 1262 611 1302 viam
657 1261 978 1304 mandatorum
1022 1275 1245 1303 meorum.
1306 1264 1366 1307 Et

27 1332 175 1374 dices:
230 1331 353 1374 Non
392 1336 523 1373 sunt
567 1331 885 1387 condignae
927 1333 1231 1385 passiones
1273 1331 1362 1373 hu-

20 1403 111 1456 jus
159 1404 433 1456 temporis
482 1401 550 1447 ad
595 1401 847 1444 futuram
894 1402 1163 1457 gloriam,
1221 1415 1360 1458 quae

22 1473 388 1520 revelabitur
419 1474 472 1519 in
506 1474 687 1515 nobis.

117 1617 150 1647 2.
176 1614 283 1648 Rom.
304 1616 337 1654 8,
358 1616 412 1648 18.
