1530 2517
107 123 161 164 30
512 124 595 160 DE
626 123 1029 182 IMITArloNE

189 220 229 261 3.
262 219 311 262 Si
335 220 520 274 pietatis
548 233 712 261 caussa
741 225 821 261 aut
835 219 1070 262 fraternae
1095 221 1306 263 utilitatis
1331 235 1434 276 pre-

105 291 258 344 posito
294 289 566 345 quandoque
600 296 867 332 consuetum
902 291 1126 332 omittitur
1152 293 1433 344 exercitium,

106 359 245 400 facile
276 364 441 413 postea
470 361 644 414 poterit
671 361 953 414 recuperari.
1015 360 1065 403 Si
1091 366 1243 403 autem
1273 364 1431 404 taedio

107 430 246 469 animi
263 435 341 469 aut
366 430 649 485 negligentia
673 430 874 472 faciliter
889 431 1184 486 relinquitur,
1210 433 1322 473 satis
1341 434 1430 474 cul-

103 499 256 553 pabile
276 505 346 540 est
370 505 415 541 et
435 501 646 541 nocivum
670 501 907 542 sentietur.
969 502 1198 543 Conemur
1216 508 1432 557 quantum

103 582 361 623 possumus,
383 569 530 612 adhuc
546 570 711 613 leviter
729 571 994 613 deficiemus
1009 572 1058 612 in
1071 572 1242 613 multis.
1305 572 1429 615 Sem-

102 651 187 693 per
201 644 355 680 tamen
381 640 554 695 aliquid
580 642 693 683 certi
716 641 1065 696 proponendum
1091 647 1182 693 est,
1210 647 1255 683 et
1272 649 1432 684 contra

99 709 185 749 illa
200 711 468 764 praecipue,
497 723 613 765 quae
640 712 834 765 amplius
859 725 943 753 nos
968 712 1235 766 impediunt.
1293 714 1429 754 Exte-

100 780 229 820 riora
244 785 403 821 nostra
421 785 467 822 et
487 782 712 823 interiora
728 783 902 835 pariter
916 783 1050 823 nobis
1067 783 1313 824 scrutanda
1329 788 1433 824 sunt

106 855 151 890 et
169 850 436 902 ordinanda,
461 852 568 906 quia
583 856 778 907 utraque
798 852 1045 906 expediunt
1061 852 1119 893 ad
1135 852 1407 906 profectum.

188 920 228 960 4.
264 920 313 962 Si
328 934 420 962 non
438 923 651 963 continue
668 929 714 963 te
724 922 851 964 vales
871 923 1107 977 colligere,
1120 923 1284 963 saltem
1293 923 1430 964 inter-

106 989 232 1040 dum,
268 995 314 1031 et
338 991 396 1031 ad
419 993 568 1033 minus
594 992 740 1034 semel
760 993 808 1033 in
835 992 930 1044 die,
962 1005 1096 1034 mane
1122 992 1338 1034 videlicet
1355 998 1434 1034 aut

106 1073 312 1114 vespere.
370 1063 510 1103 Mane
520 1075 742 1116 propone,
753 1076 947 1117 vespere
958 1063 1133 1104 discute
1145 1076 1298 1104 mores
1308 1069 1429 1114 tuos,

109 1131 256 1185 qualis
289 1130 427 1173 hodie
459 1131 588 1172 fuisti
617 1132 665 1172 in
695 1134 853 1184 verbo,
889 1146 1028 1187 opere
1056 1138 1102 1175 et
1128 1134 1432 1187 cogitatione:

109 1201 217 1254 quia
232 1201 280 1241 in
296 1200 366 1242 his
385 1203 568 1256 saepius
586 1201 783 1243 forsitan
802 1202 1038 1244 offendisti
1052 1204 1203 1245 Deum
1221 1208 1267 1244 et
1281 1204 1434 1257 proxi-

105 1283 245 1311 mum.
304 1273 501 1326 Accinge
526 1278 594 1322 te,
622 1273 741 1313 sicut
765 1274 855 1324 vir,
891 1278 1051 1314 contra
1076 1273 1331 1314 diabolicas
1356 1287 1432 1314 ne-

110 1341 298 1394 quitias3
316 1341 449 1382 frena
466 1342 620 1396 gulam
631 1372 642 1392 ,
665 1347 711 1383 et
728 1355 908 1383 omnem
926 1344 1073 1384 carnis
1090 1343 1436 1385 inclinationem

104 1410 289 1452 facilius
307 1411 525 1454 frenabis.
585 1411 828 1466 Nunquam
853 1414 916 1454 sis
943 1425 1000 1454 ex
1014 1417 1114 1454 toto
1136 1415 1334 1465 otiosus,
1354 1414 1437 1456 sed

108 1486 188 1521 aut
203 1481 378 1536 legens,
399 1489 478 1523 aut
494 1483 713 1534 scribens,
734 1487 814 1523 aut
831 1495 982 1533 orans,
1003 1488 1083 1523 aut
1097 1484 1338 1535 meditans,
1359 1489 1438 1525 aut

108 1552 282 1606 aliquid
301 1553 509 1594 utilitatis
526 1565 608 1606 pro
630 1554 858 1594 communi
873 1553 1103 1594 laborans.
1166 1554 1438 1607 Corporalia

106 1628 261 1662 tamen
289 1624 508 1664 exercitia
533 1623 730 1665 discrete
757 1628 862 1664 sunt
887 1623 1089 1677 agenda,
1125 1637 1211 1666 nec
1229 1625 1436 1665 omnibus

110 1693 368 1746 aequaliter
386 1693 674 1734 assumenda.

194 1763 233 1803 5.
269 1763 398 1812 Quae
417 1764 675 1804 communia
692 1776 783 1804 non
795 1769 912 1814 sunt,
925 1777 1015 1804 non
1032 1768 1138 1804 sunt
1152 1762 1268 1805 foris
1287 1768 1436 1805 osten-

112 1832 284 1882 denda3
331 1846 437 1873 nam
467 1834 515 1873 in
554 1838 734 1875 secreto
766 1835 908 1874 tutius
943 1839 1212 1875 exercentur
1242 1835 1434 1888 privata.

113 1903 376 1943 Cavendum
405 1908 574 1954 tamen,
607 1917 665 1945 ne
689 1904 823 1958 piger
847 1905 909 1944 sis
936 1904 994 1944 ad
1020 1905 1276 1945 communia
1301 1909 1347 1945 et
1378 1904 1433 1944 ad

112 1973 366 2026 singularia
389 1975 636 2027 promtior3
662 1975 744 2016 sed
771 1974 963 2027 expletis
987 1975 1167 2028 integre
1179 1979 1224 2014 et
1239 1974 1438 2014 fideliter

113 2042 280 2083 debitis
300 2048 346 2084 et
360 2044 597 2097 injunctis,
624 2045 664 2085 si
676 2047 773 2099 Jam
789 2044 912 2084 ultra
934 2049 1090 2095 vacat,
1115 2043 1258 2084 redde
1275 2049 1321 2084 te
1338 2045 1436 2094 tibi,

111 2118 250 2166 prout
280 2113 464 2154 devotio
497 2119 578 2154 tua
610 2114 857 2156 desiderat.
920 2113 1026 2155 Non
1055 2118 1248 2166 possunt
1281 2126 1436 2154 omnes

113 2181 284 2225 habere
302 2197 439 2224 unum
459 2185 747 2235 exercitium,
768 2183 849 2225 sed
868 2184 992 2224 aliud
1008 2184 1099 2233 isti,
1120 2183 1243 2223 aliud
1260 2183 1330 2223 illi
1345 2197 1438 2223 ma-

113 2254 183 2308 gis
217 2253 429 2296 deservit.
491 2254 641 2295 Etiam
673 2266 756 2309 pro
790 2255 1010 2309 temporis
1044 2255 1343 2309 congruentia
1375 2254 1438 2294 di-
