1530 2517
306 124 565 162 CHRISTI
621 125 731 163 LIB.
765 127 831 163 lv.
869 127 990 164 CAP.
1026 129 1091 164 11.
1276 128 1358 168 229

34 219 235 263 deliciae
252 221 477 274 paradisi,
503 225 549 262 et
567 221 808 274 epulantur
825 222 1059 265 nobiscum
1077 225 1240 279 Angeli
1258 238 1359 266 san-

40 291 114 341 cti,
133 289 216 331 sed
232 291 457 332 suavitate
475 289 691 332 feliciori.

120 360 159 402 6.
195 362 231 402 Ο
252 373 385 415 quam
402 373 615 416 magnum
635 365 680 402 et
697 359 968 403 honorabile
988 368 1057 404 est
1074 363 1273 405 officium
1289 377 1361 406 sa-

39 430 299 481 cerdotum,
341 431 503 485 quibus
537 431 691 471 datum
727 436 796 472 est
826 432 1073 473 Dominum
1103 435 1360 488 majestatis

34 500 186 541 verbis
205 501 348 542 sacris
368 513 655 553 consecrare,
675 501 810 542 labiis
826 502 1100 544 benedicere
1113 535 1124 554 ‚
1149 505 1359 546 manibus

35 576 218 622 tenere,
254 584 333 612 ore
359 573 547 626 proprio
582 585 761 613 sumere
796 577 841 613 et
874 574 1040 614 ceteris
1073 574 1357 616 ministrare!

37 642 73 682 Ο
93 654 228 696 quam
244 642 440 684 mundae
460 642 628 684 debent
653 655 754 684 esse
778 656 938 684 manus
962 644 1097 694 illae,
1126 657 1260 699 quam
1277 658 1358 699 pu-

30 725 132 753 rum
159 724 233 763 os,
262 724 396 767 quam
420 718 626 754 sanctum
647 725 835 766 corpus,
864 726 997 768 quam
1015 714 1358 756 immaculatum

34 795 114 824 cor
132 783 219 824 erit
234 782 490 824 sacerdotis
502 813 514 833 ,
537 782 595 823 ad
613 796 746 837 quem
763 785 903 825 toties
920 785 1178 839 ingreditur
1195 791 1358 827 auctor

30 851 264 907 puritatis!
307 853 377 893 Ex
395 865 475 894 ore
493 852 747 895 sacerdotis
765 853 879 894 nihil
896 856 985 895 nisi
1001 861 1222 908 sanctum,
1241 856 1356 898 nihil

31 924 121 964 nisi
138 921 379 964 honestum
406 928 452 964 et
474 923 587 964 utile
605 923 858 977 procedere
878 924 1016 966 debet
1039 927 1249 977 verbum,
1277 928 1355 982 qui

30 999 123 1034 tam
141 1006 280 1047 saepe
300 992 471 1036 Christi
488 995 655 1048 accipit
671 999 1020 1036 sacramentum.

111 1066 152 1105 7.
187 1063 320 1105 Oculi
338 1064 435 1118 ejus
453 1065 683 1118 simplices
704 1069 750 1107 et
765 1066 917 1119 pudici
928 1068 940 1117 ,’
970 1067 1047 1121 qui
1065 1065 1235 1108 Christi
1254 1080 1351 1109 cor-

26 1129 110 1190 pus
128 1135 281 1178 solent
295 1135 478 1176 intueri.
537 1136 703 1176 Manus
720 1149 863 1190 purae
883 1141 927 1177 et
942 1138 988 1176 in
1007 1137 1185 1178 coelum
1200 1138 1351 1179 eleva-

27 1211 117 1256 tae,
130 1218 246 1261 quae
264 1211 520 1248 creatorem
533 1207 651 1247 coeli
667 1210 712 1247 et
721 1211 872 1248 terrae
884 1207 1035 1248 solent
1046 1213 1348 1250 contrectare.

27 1276 354 1318 Sacerdotibus
388 1277 654 1331 specialiter
683 1278 730 1317 in
762 1277 866 1331 lege
901 1277 1089 1318 dicitur:
1153 1278 1181 1320 S
1195 1292 1258 1319 an
1272 1281 1351 1321 cti

27 1352 236 1398 estote,
264 1348 525 1402 quoniam
552 1360 654 1402 ego
681 1353 911 1390 sanctus
937 1361 1052 1389 sum
1076 1349 1348 1391 Dominus

23 1418 64 1458 D
81 1430 104 1459 e
115 1431 143 1458 u
154 1432 174 1458 s
206 1432 232 1458 v
246 1431 269 1458 e
281 1432 301 1458 s
313 1421 332 1458 t
342 1430 365 1458 e
375 1430 412 1458 r.
1017 1413 1019 1416 ’

106 1489 146 1529 8“.
179 1488 375 1542 Adjuvet
399 1501 482 1529 nos
508 1489 660 1544 gratia
686 1493 786 1540 tua,
815 1490 1101 1543 omnipotens
1119 1490 1271 1542 Deus,
1297 1496 1349 1532 ut

25 1559 102 1613 qui
120 1558 319 1599 officium
337 1559 628 1600 sacerdotale
646 1561 943 1613 suscepimus,
957 1560 1093 1615 digne
1112 1574 1166 1602 ac
1180 1561 1346 1603 devote

23 1628 107 1669 tibi
124 1629 169 1668 in
188 1629 310 1669 omni
327 1630 526 1682 puritate
546 1634 592 1671 et
609 1632 891 1672 conscientia
906 1631 1029 1672 bona
1045 1631 1260 1672 famulari
1270 1645 1346 1672 va-

20 1697 212 1739 leamus.
242 1699 302 1740 Et
318 1700 355 1739 si
374 1712 465 1740 non
482 1712 724 1753 possumus
741 1701 789 1741 in
806 1705 934 1742 tanta
949 1702 1213 1743 innocentia
1223 1702 1344 1744 vitae

21 1769 307 1820 conversari,
325 1774 377 1810 ut
393 1769 633 1811 debemus:
667 1771 867 1812 concede
885 1772 1018 1812 nobis
1036 1776 1187 1813 tamen
1207 1772 1343 1826 digne

19 1837 129 1879 flere
147 1838 284 1889 mala,
304 1852 420 1894 quae
439 1841 677 1894 gessimus,
698 1846 744 1882 et
759 1842 804 1882 in
822 1843 984 1895 spiritu
1001 1841 1269 1884 humilitatis
1289 1856 1343 1885 ac

17 1909 168 1950 bonae
194 1909 442 1950 voluntatis
465 1911 704 1964 proposito
726 1913 808 1953 tibi
833 1911 1083 1954 ferventius
1102 1913 1158 1954 de
1185 1919 1338 1955 cetero

19 1979 266 2021 deservire.

114 2120 144 2152 τ.
173 2119 292 2153 nevit.
312 2121 366 2159 19,
384 2121 413 2152 2
432 2148 434 2150 ,

510 2263 843 2287 —-090—-——
