1530 2517
7 0 15 159 ,ς

317 107 581 146 CHRISTI
637 108 746 145 LIB.
778 109 848 146 IV.
882 109 1005 146 CAP.
1038 111 1104 147 12.
1288 109 1371 152 231

47 207 157 248 beat
179 204 238 247 ad
258 203 603 247 retribuendum
626 204 864 247 beneficiis
891 205 1012 260 ejus,
1039 206 1129 247 nisi
1153 219 1203 249 se
1228 205 1373 250 humi-

49 276 206 318 liando
226 280 272 318 et
288 276 332 317 ei
346 274 662 331 regratiando.
721 275 830 326 Fac,
855 276 979 331 quod
994 277 1041 316 in
1058 281 1104 318 te
1124 282 1214 329 est,
1244 283 1290 320 et
1307 279 1371 320 di-

48 347 246 403 ligenter
262 345 422 397 facito,
440 358 532 386 non
551 356 607 387 ex
625 346 970 398 consuetudine,
994 359 1085 389 non
1104 360 1160 389 ex
1175 352 1373 392 necessi-

48 422 168 469 tate,
191 416 273 458 sed
299 429 400 458 cum
415 416 582 457 timore
609 420 656 457 et
677 418 941 458 reverentia
967 422 1012 458 et
1029 417 1198 460 affectu
1217 421 1374 474 accipe

48 500 214 542 corpus
241 486 396 528 dilecti
420 487 608 528 Domini
632 487 723 528 Dei
747 487 838 538 tui,
880 487 1110 542 dignantis
1144 489 1202 530 ad
1226 494 1271 532 te
1296 504 1373 533 ve-

45 559 161 600 nire.
220 559 322 613 Ego
341 570 440 599 sum
458 557 536 612 qui
552 557 734 608 vocavi,
763 570 850 613 ego
864 557 981 612 jussi
999 558 1122 611 fieri3
1157 572 1243 616 ego
1270 574 1372 616 sup-

45 629 201 683 plebo,
221 627 345 683 quod
359 627 446 668 tibi
463 626 614 669 deest:
646 629 764 679 veni,
786 632 831 669 et
847 630 1027 683 suscipe
1044 642 1131 672 me.

130 698 170 740 3.
204 699 318 741 Cum
349 698 548 753 gratiam
579 698 837 740 devotionis
869 700 1043 751 tribuo,
1076 701 1251 755 gratias
1284 714 1372 757 age

44 770 147 812 Deo
174 773 279 821 tuo,
304 781 398 810 non
424 769 531 824 quia
558 768 720 823 dignus
748 782 820 821 es,
849 769 931 811 sed
949 771 1056 825 quia
1072 772 1140 812 tui
1155 772 1371 814 misertus

43 853 159 883 sum.
220 839 376 882 Sinon
393 837 558 890 habes,
586 838 669 880 sed
684 841 832 894 magis
852 841 1030 881 aridum
1046 845 1092 882 te
1111 842 1252 883 sentis
1265 872 1278 893 ,
1303 842 1369 882 in·

43 912 155 953 siste
175 910 650 965 orationi,ingemisce
671 915 716 951 et
731 910 885 964 pulsa3
904 911 1371 964 necdesistas,donec

30 982 266 1024 *merearis
283 982 448 1022 micam
473 985 552 1021 aut
567 985 743 1035 guttam
761 982 939 1036 gratiae
957 981 1172 1023 salutaris
1192 983 1368 1037 accipe-

40 1064 108 1093 re.
170 1052 243 1093 Tu
265 1052 360 1093 mei
378 1051 584 1106 indiges,
610 1063 702 1092 non
728 1064 815 1106 ego
840 1052 909 1092 tui
932 1052 1136 1107 indigeo.
1196 1052 1295 1094 Nec
1318 1058 1368 1094 tu

39 1135 113 1164 me
131 1122 419 1164 sanctificare
436 1122 585 1172 venis,
613 1121 696 1163 sed
723 1134 809 1176 ego
827 1126 873 1164 te
891 1122 1180 1164 sanctificare
1207 1127 1252 1164 et
1274 1135 1366 1164 me-

38 1192 213 1234 liorare
244 1193 396 1234 venio.
456 1193 529 1233 Tu
552 1193 706 1244 venis,
739 1197 790 1232 ut
816 1204 872 1233 ex
896 1204 969 1233 me
995 1192 1295 1235 sanctificeris
1322 1200 1369 1234 et

38 1262 152 1305 mihi
168 1263 367 1314 uniaris3
397 1266 448 1303 ut
462 1275 628 1304 novam
644 1263 841 1317 gratiam
856 1263 1055 1317 recipias
1067 1293 1080 1314 ‚
1109 1267 1155 1304 et
1171 1262 1226 1304 de
1243 1276 1364 1305 novo

40 1333 100 1376 ad
126 1333 494 1376 emendationem
521 1334 802 1375 accendaris.
861 1333 971 1376 Noli
992 1333 1231 1388 negligere
1250 1331 1367 1376 hanc

38 1405 253 1460 gratiam,
280 1404 363 1447 sed
378 1417 607 1459 praepara
625 1416 725 1446 cum
744 1404 867 1445 omni
884 1403 1125 1460 diligentia
1143 1408 1367 1447 cortuum

41 1481 88 1518 et
101 1474 317 1517 introduc
334 1475 392 1516 ad
409 1480 455 1517 te
473 1475 689 1517 dilectum
705 1478 848 1515 tuum.

122 1546 164 1588 4.
198 1547 393 1600 Oportet
417 1551 591 1597 autem,
617 1549 669 1586 ut
693 1557 785 1586 non
810 1544 959 1586 solum
974 1548 1022 1586 te
1038 1557 1287 1600 praepares
1306 1545 1366 1587 ad

40 1617 334 1659 devotionem
352 1622 457 1659 ante
476 1616 863 1666 communionem,
888 1614 971 1656 sed
987 1619 1039 1656 ut
1056 1616 1194 1657 etiam
1208 1621 1256 1658 te
1274 1615 1365 1658 sol-

36 1687 164 1729 licite
184 1700 428 1730 conserves
444 1688 492 1727 in
516 1699 572 1728 ea
587 1689 695 1740 post
710 1686 986 1727 sacramenti
1001 1686 1362 1740 perceptionem.

34 1756 134 1800 Nec
174 1759 323 1800 minor
363 1756 574 1800 custodia
611 1760 719 1811 post
756 1756 977 1811 exigitur,
1026 1768 1163 1811 quam
1195 1756 1365 1798 devota

34 1829 328 1883 praeparatio
346 1829 488 1883 prius.
548 1827 667 1869 Nam
691 1827 815 1868 bona
831 1825 1125 1881 postmodum
1151 1826 1363 1868 custodia

36 1900 210 1953 optima
234 1898 400 1940 iterum
425 1903 495 1940 est
517 1898 813 1953 praeparatio
841 1896 901 1938 ad
922 1897 1147 1951 majorem
1164 1897 1362 1951 gratiam

36 1969 420 2024 consequendam.
480 1970 551 2010 Ex
591 1981 645 2010 eo
681 1968 847 2022 quippe
885 1966 1020 2008 valde
1059 1966 1361 2021 indispositus

35 2040 136 2095 quis
167 2039 395 2089 redditur,
431 2039 471 2079 si
495 2039 650 2079 statim
675 2037 817 2079 fuerit
840 2037 975 2078 nimis
1001 2035 1173 2078 effusus
1199 2036 1259 2077 ad
1285 2048 1359 2078 ex-

32 2111 209 2152 teriora
241 2109 424 2151 solatia.
487 2110 609 2150 Cave
643 2120 670 2148 a
700 2107 1015 2161 multiloquio,
1047 2119 1180 2148 mane
1212 2108 1259 2147 in
1289 2120 1359 2148 se-

36 2184 161 2222 creto
198 2184 243 2221 et
272 2178 427 2221 fruere
444 2180 546 2221 Deo
572 2183 675 2229 tuo;
715 2178 864 2232 ipsum
891 2177 1009 2218 enim
1035 2176 1199 2229 habes,
1226 2189 1360 2232 quem

34 2256 158 2293 totus
198 2249 390 2292 mundus
423 2249 508 2291 tibi
541 2247 725 2291 auferre
757 2260 848 2290 non
882 2251 1049 2303 potest.
1108 2248 1209 2303 Ego
1243 2260 1357 2298 sum,
