1530 2517
150 115 227 155 126
540 117 625 152 DE
666 116 1065 157 MUTATIONE

539 321 631 367 CA
649 323 690 366 P
704 322 808 366 UT
865 322 1077 366 XXIV.

279 432 350 475 De
383 433 618 475 evitatione
651 435 853 476 curiosae
882 434 1180 489 inquisitionis
1206 446 1334 487 saper

646 505 825 545 alterius
865 504 969 545 vim.

235 637 276 678 1.
306 617 431 686 Fili,
455 635 551 676 noli
570 648 671 678 esse
690 637 900 678 curiosus
913 647 998 677 nec
1013 646 1180 675 vacuas
1198 646 1359 689 gerere
1377 634 1466 675 sol-

153 710 428 753 licitudines.
506 709 649 758 Quid
687 709 776 751 hoc
805 710 880 751 vel
916 708 1040 750 illud
1071 707 1136 749 ad
1175 705 1257 748 te'b
1296 712 1352 748 tu
1391 719 1468 747 me

154 795 174 821 s
189 794 212 822 e
225 794 291 836 qu
303 794 359 823 er
370 794 408 822 e.
471 780 592 830 Quid
618 781 737 821 enim
762 779 821 820 ad
843 784 912 830 te,
936 784 1088 820 utrum
1104 777 1184 818 ille
1201 778 1261 818 sit
1276 777 1382 818 talis
1398 776 1472 817 vel

154 851 276 901 talis,
296 856 375 891 aut
388 851 482 891 iste.
495 851 562 891 sic
580 854 626 891 et
642 850 709 891 sic
727 850 825 904 agit
838 849 914 890 vel
928 845 1157 903 loquitur&
1212 848 1391 887 Tutnon
1406 847 1470 887 in-
1498 902 1501 903 ?
1528 871 1530 875 .

156 921 287 974 diges
309 919 591 973 respondere
615 933 697 973 pro
725 920 843 970 aliis,
866 918 948 960 sed
965 930 1046 972 pro
1066 918 1228 970 teipso
1244 918 1471 958 rationem
1499 909 1501 911 ¹

154 990 337 1032 reddes.
400 989 520 1040 Quid
553 1002 663 1043 ergo
689 994 735 1030 te
759 986 994 1042 implicasit
1038 988 1175 1036 Ecce,
1201 998 1287 1040 ego
1316 998 1472 1026 omnes

158 1072 411 1114 cognosco,
439 1064 485 1100 et
508 1065 692 1109 cuncta,
720 1071 837 1113 quae
854 1059 936 1099 sub
959 1057 1058 1098 sole
1076 1057 1209 1106 fiunt,
1235 1055 1394 1105 video;
1430 1062 1474 1095 et

156 1131 251 1171 scio
264 1160 276 1180 ,
303 1130 500 1184 qualiter
517 1142 617 1170 cum
632 1141 909 1183 unoquoque
927 1128 1007 1177 sit,
1028 1126 1136 1180 quid
1154 1127 1347 1180 cogitet,
1366 1125 1471 1178 quid
1523 1109 1530 1177 ,¹1

158 1200 266 1240 velit
297 1205 344 1240 et
375 1199 433 1239 ad
465 1211 598 1253 quem
621 1199 763 1239 finem
780 1197 945 1238 tendat
968 1197 1066 1250 ejus
1091 1195 1299 1236 intentio.
1358 1194 1470 1235 Mihi
1524 1184 1530 1232 ἶ

154 1270 295 1323 igitur
320 1269 474 1310 omnia
498 1267 827 1310 committenda
848 1271 973 1317 sunt,
999 1272 1049 1306 tu
1072 1277 1182 1306 vero
1208 1277 1343 1306 serva
1365 1269 1411 1305 te
1428 1266 1473 1305 in
1524 1271 1530 1300 1

152 1340 277 1379 bona
293 1351 406 1392 pace
426 1343 472 1380 et
489 1338 666 1380 dimitte
684 1338 935 1391 agitantem
953 1336 1145 1390 agitare,
1165 1339 1385 1388 quant-um
1398 1348 1474 1375 vo·
1526 1327 1530 1332 ⁴

154 1409 306 1451 luerit,
364 1408 533 1451 Veniet
548 1420 686 1461 super
703 1420 819 1457 eum,
843 1404 1245 1460 quidquidzfecerit
1259 1404 1473 1446 veldixe-

154 1480 228 1529 rit,
249 1479 363 1532 quia
373 1491 446 1520 me
463 1478 627 1521 fallere
645 1489 736 1518 non
753 1481 921 1530 potest.

233 1550 273 1588 2.
305 1547 409 1589 Non
442 1549 502 1588 sit
531 1548 616 1589 tibi
647 1559 783 1588 curae
809 1545 874 1587 de¹
892 1546 1045 1599 magni
1070 1545 1268 1585 nominis
1297 1545 1471 1595 umbra,

155 1631 246 1658 non
272 1617 328 1658 de
353 1617 599 1658 multorum
617 1615 931 1656 familiaritate
956 1627 1041 1654 nec
1060 1614 1115 1654 de
1133 1614 1312 1667 privata
1329 1612 1471 1653 homi-

152 1700 260 1726 num
277 1686 541 1727 dilectione.
600 1686 694 1726 Ista
712 1685 828 1725 enim
847 1692 1072 1737 gener-ant
1086 1683 1407 1723 distractiones
1427 1688 1473 1723 et

153 1769 342 1810 magnas
374 1758 420 1796 in
453 1755 591 1796 corde
628 1754 945 1795 obscuritates.
1006 1753 1226 1794 Libenter
1255 1752 1472 1805 loquerer

153 1827 237 1866 tibi
247 1826 432 1866 verbum
449 1837 599 1865 meum
618 1829 664 1865 et
680 1822 948 1864 abscondita
965 1821 1236 1872 revelarem,
1249 1822 1289 1862 si-
1306 1821 1470 1861 adven-

153 1904 248 1936 tum
278 1907 428 1935 meum
461 1893 704 1947 diligenter
737 1893 1007 1934 observares
1041 1896 1087 1932 et
1119 1891 1285 1931 ostium
1318 1889 1469 1931 cordis

152 1964 264 2005 mihi
282 1965 499 2018 aperires.
538 1964 649 2003 Esto
669 1962 885 2015 providus
905 1966 951 2003 et
965 1961 1105 2015 vigila
1121 1961 1169 2001 in
1187 1960 1469 2001 orationibus

155 2042 200 2075 et
216 2033 404 2074 humilia
420 2038 466 2073 te
482 2036 528 2072 in
548 2033 769 2073 omnibus.

249 2147 281 2177 1.
309 2143 444 2177 Joann·
464 2146 519 2183 21,
531 2146 586 2176 22.
