1530 2517
119 138 199 178 134
527 140 609 176 DE
640 139 1038 176 IMITATIONE

198 237 237 274 2.
269 234 328 275 Et
351 247 468 276 nunc
490 236 610 277 inter
625 233 739 276 haec
765 234 874 289 quid
891 233 1066 276 dicam&
1104 235 1322 285 Domine,
1349 235 1429 275 fiat

113 304 323 345 voluntas
340 308 433 344 tua.
491 305 592 359 Ego
617 305 734 346 bene
758 306 904 346 merui
926 304 1137 346 tribulari
1162 308 1207 345 et
1228 305 1426 358 gravari.

115 375 308 427 Oportet
322 374 493 428 utique,
505 379 556 414 ut
571 375 832 425 sustineam,
847 379 893 416 et
907 375 1078 415 utinam
1094 374 1334 428 patienter,
1346 374 1426 415 do-

112 456 197 484 nec
222 447 430 485 transeat
452 447 699 497 tempestas
733 448 779 485 et
807 444 971 485 melius
996 442 1096 484 fiat!
1155 444 1324 485 Potens
1358 447 1428 484 est

115 517 265 553 autem
284 514 568 566 omnipotens
584 526 743 554 manus
760 518 839 554 tua
856 515 993 555 etiam
1002 512 1119 554 hanc
1127 514 1426 554 tentationem

114 596 141 622 a
165 595 238 623 me
265 582 447 623 auferre
474 587 519 623 et
545 584 641 636 ejus
665 583 884 636 impetum
907 584 1140 637 mitigare,
1165 595 1222 623 ne
1247 583 1425 636 penitus

115 653 425 702 succumbam,
453 652 833 706 quemadmodum
866 657 912 694 et
932 653 1057 705 prius
1084 653 1266 706 saepius
1293 653 1428 706 egisti

115 735 312 772 mecum,
339 722 465 762 Deus
490 734 639 772 meus,
665 722 985 763 misericordia
1008 734 1124 763 mea.
1182 722 1243 762 Et
1259 726 1425 775 quanto

115 789 225 831 mihi
245 791 487 842 difficilius,
497 795 625 832 tanto
643 793 724 833 tibi
737 791 920 832 facilior
938 795 1007 832 est
1031 789 1096 832 ha
1109 804 1132 833 e
1144 805 1167 833 c
1190 792 1427 832 mutatio

120 861 393 903 dexterae
424 860 668 902 Excelsi.

617 1083 942 1104 ——Qflflob-

519 1303 668 1350 CAP
687 1299 786 1348 UT
849 1303 1035 1350 XXX.

257 1417 328 1460 De
360 1417 503 1460 divino
530 1416 718 1472 petendo
753 1416 918 1457 auxilio
953 1423 998 1458 et
1028 1415 1293 1473 confidentia

499 1486 824 1541 recuperandae
851 1487 1044 1542 gratiae.

199 1634 240 1674 1·
270 1619 401 1687 Fili,
437 1648 523 1690 ego
564 1635 605 1677 D
620 1635 835 1676 ominus
876 1634 1206 1677 confortans
1245 1634 1298 1674 in
1339 1632 1428 1673 die

115 1708 419 1750 tribulatio
431 1709 531 1749 nis.
590 1708 761 1749 Venias
781 1706 839 1746 ad.
854 1718 948 1757 me,
968 1719 1068 1747 cum
1083 1707 1167 1747 tibi
1183 1718 1273 1747 non
1289 1705 1431 1746 fuerit

114 1780 246 1820 bene.
304 1778 410 1819 Hoc
428 1782 498 1818 est
510 1776 631 1831 quod
647 1777 844 1816 maxime
863 1776 1225 1817 consolationem
1240 1775 1429 1832 impedit

117 1848 387 1899 coelestem,
414 1848 522 1902 quia
544 1846 720 1887 tardius
745 1850 791 1887 te
818 1846 1045 1887 convertis
1072 1845 1130 1886 ad
1156 1846 1424 1887 orationem.

113 1918 231 1959 Nam
249 1922 491 1973 antequam
507 1928 579 1958 me
596 1917 769 1958 intente
785 1928 940 1970 roges,
951 1915 1093 1956 multa
1108 1916 1290 1956 interim
1307 1915 1425 1956 sola-

114 1989 179 2027 tia
197 1987 378 2042 quaeris
407 1993 451 2028 et
473 1999 658 2029 recreas
675 1990 721 2028 te
738 1987 785 2026 in
813 1986 1033 2036 externis,
1058 1986 1256 2040 ideoque
1280 1986 1351 2036 fit,
1377 1990 1428 2025 ut

113 2069 272 2110 parum
290 2057 442 2098 omnia
459 2057 648 2110 prosint,
676 2056 822 2097 donec
839 2055 1065 2106 advertas,
1085 2056 1191 2111 quia
1208 2067 1294 2109 ego
1313 2067 1426 2104 sum,

116 2127 193 2181 qui
217 2139 326 2168 eruo
354 2131 589 2181 sperantes
614 2127 659 2166 in
684 2138 779 2176 me3
810 2139 895 2167 nec
920 2130 991 2166 est
1016 2130 1144 2167 extra
1174 2138 1246 2166 me
1270 2124 1426 2166 valens

206 2268 239 2298 2.
267 2263 407 2299 Psalm.
427 2267 470 2299 76
490 2265 584 2310 (ἵῖ),
605 2269 658 2300 11.
682 2286 728 2292 -
770 2270 800 2301 1.
825 2264 975 2299 Nahum
1007 2269 1037 2305 1,
1053 2269 1070 2299 Ί
