1530 2517
164 115 220 157 18
577 115 657 152 DE
688 115 1090 153 IMITATIONE

604 272 862 319 CAPUT
929 275 1058 318 XII.

520 370 589 413 De
621 372 812 414 utilitate
844 374 1136 415 adversitatis.

247 508 287 546 1.
319 489 508 548 Bonum
533 508 664 548 nobis
694 512 784 557 est,
814 509 937 561 quod
964 508 1211 563 aliquando
1237 507 1489 550 habeamus

165 580 343 634 aliquas
368 580 619 633 gravitates
646 586 692 622 et
717 582 1092 632 contrarietates,
1120 583 1228 635 quia
1252 595 1390 636 saepe
1409 580 1489 622 ho-

158 647 328 691 minem
357 650 414 690 ad
440 662 520 690 cor
542 656 783 701 revocant,
819 655 1040 705 quatenus
1075 664 1123 691 se
1148 653 1196 692 in
1222 652 1359 692 exilio
1387 663 1490 692 esse

163 725 416 775 cognoscat
438 732 523 760 nec
548 733 675 773 spem
700 733 830 761 suam
846 722 893 761 in
920 721 1075 775 aliqua
1089 734 1141 762 re
1159 721 1316 761 mundi
1331 725 1487 774 ponat.

157 791 341 833 Bonum
360 795 450 840 est,
479 789 603 844 quod
626 791 856 843 patiamur
873 791 1148 845 quandoque
1168 791 1491 832 contradictio-

157 874 258 912 nes,
293 866 339 901 et
364 859 488 915 quod
511 859 630 900 male
658 865 703 900 et
725 860 996 914 imperfecte
1024 860 1080 901 de
1097 861 1231 901 nobis
1249 862 1489 918 sentiatur,

165 932 346 972 etiamsi
370 931 488 971 bene
515 930 693 983 agimus
721 935 766 970 et
788 930 1081 971 intendimus.
1141 932 1235 972 Ista
1259 944 1398 985 saepe
1420 933 1491 984 ju„

158 1005 271 1041 vant
287 1000 346 1040 ad
369 999 671 1041 humilitatem
690 1005 736 1041 et
753 1013 780 1040 a
795 1013 913 1040 vana
937 1000 1090 1054 gloria
1113 1012 1197 1040 nos
1224 998 1488 1041 defendunt.

162 1072 296 1112 Tunc
321 1071 440 1111 enim
463 1070 629 1111 melius
652 1071 920 1111 interiorem
943 1075 1111 1111 testem
1135 1070 1286 1111 Deum
1311 1072 1491 1124 quaeri-

161 1154 278 1192 mus,
299 1140 479 1195 quando
507 1139 622 1181 foris
639 1140 962 1194 vilipendimur
980 1141 1035 1180 ab
1062 1139 1320 1180 hominibus
1340 1145 1385 1180 et
1402 1153 1491 1180 non

158 1209 280 1252 bene
299 1210 432 1251 nobis
452 1210 666 1251 creditur.

248 1281 289 1320 2.
320 1279 430 1321 Ideo
451 1279 641 1320 deberet
663 1292 712 1320 se
730 1278 867 1320 homo
886 1281 931 1319 in
948 1281 1050 1320 Deo
1070 1280 1278 1320 totaliter
1295 1280 1492 1330 firmare,

163 1354 215 1390 ut
236 1362 327 1390 non
362 1354 486 1390 esset
517 1351 560 1390 ei
591 1362 803 1400 necesse,
837 1350 1003 1390 multas
1028 1348 1250 1390 humanas
1285 1350 1494 1391 consola-

162 1421 313 1461 tiones
347 1432 584 1474 quaerere.
662 1420 855 1469 Quando
890 1419 1027 1461 homo
1061 1421 1211 1461 bonae
1246 1421 1492 1461 voluntatis

162 1490 410 1531 tribulatur
454 1490 529 1530 vel
574 1494 799 1540 tentatur,
849 1495 927 1529 aut
965 1490 1098 1530 malis
1139 1491 1495 1544 cogitationibus

167 1560 404 1614 affligitur:
437 1565 546 1601 tunc
568 1561 718 1601 Deum
745 1561 830 1601 sibi
856 1562 1003 1614 magis
1029 1560 1339 1600 necessarium
1363 1560 1494 1600 intel-

163 1631 282 1685 ligit,
302 1631 399 1670 sine
419 1643 507 1684 quo
526 1630 641 1671 nihil
655 1632 766 1672 boni
783 1643 832 1671 se
851 1643 988 1684 posse
1008 1627 1323 1683 deprehendit.
1365 1631 1495 1670 Tunc

168 1702 306 1741 etiam
320 1702 551 1752 tristatur,
579 1702 721 1755 gemit
739 1706 785 1742 et
810 1705 913 1741 orat
927 1713 1010 1754 pro
1029 1700 1250 1749 miseriis,
1279 1711 1391 1753 quas
1416 1712 1494 1753 pa-

166 1772 291 1811 titur.
353 1773 482 1813 Tunc
506 1771 665 1812 taedet
690 1785 793 1812 eum
818 1771 987 1811 diutius
1014 1771 1188 1819 vivere,
1224 1773 1270 1810 et
1299 1774 1496 1810 mortem

170 1846 299 1894 optat
316 1842 492 1892 venire,
518 1847 569 1881 ut
584 1842 732 1895 possit
758 1841 949 1882 dissolvi
968 1846 1012 1882 et
1038 1854 1138 1882 cum
1165 1838 1346 1881 Christo
1375 1853 1491 1880 esse.

169 1912 300 1951 Tunc
319 1912 456 1951 etiam
479 1912 596 1953 bene
615 1912 834 1961 advertit,
859 1910 1114 1964 perfectam
1139 1911 1431 1951 securitatem
1450 1915 1496 1951 et

169 1981 349 2035 plenam
367 1993 527 2034 pacem
543 1981 589 2021 in
605 1981 773 2021 mundo
793 1993 884 2022 non
900 1993 1038 2034 posse
1057 1984 1282 2021 constare.
