1530 2517
112 139 191 178 102
513 137 594 173 DE
625 136 1025 174 lMl'rATIONE

197 234 236 274 5.
270 233 502 274 Interdum
519 245 627 274 vero
652 237 836 287 oportet
851 233 1072 274 violentia
1088 232 1155 272 uti
1181 237 1226 273 et
1240 231 1435 272 viriliter

117 304 339 359 appetitui
356 303 573 344 sensitivo
594 304 839 354 contraire,
856 316 942 344 nec
961 302 1043 343 adv
1052 306 1216 352 ertere,
1237 301 1344 356 quid
1361 314 1436 342 ve-

117 375 170 416 lit
188 386 294 415 caro
316 377 363 415 et
380 372 488 428 quid
504 386 595 413 non
611 373 736 425 velit,
762 373 845 415 sed
861 372 950 414 hoc
964 373 1112 426 magis
1131 375 1361 425 satagere,
1387 376 1439 411 ut

117 444 324 498 subjecta
340 444 412 494 sit,
433 444 572 484 etiam
588 443 763 494 nolens,
783 444 978 497 spiritui.
1037 443 1097 483 Et
1111 441 1287 481 tamdiu
1305 442 1437 482 casti-

117 515 219 568 gari
237 513 375 555 debet
392 518 437 554 et
455 514 559 567 cogi
576 514 785 554 servituti
802 515 991 555 subesse
1003 544 1015 563 ,
1036 512 1183 553 donec
1199 516 1363 565 parata
1379 512 1439 551 sit

118 584 177 624 ad
196 585 347 624 omnia
359 614 370 634 ,
387 585 637 637 paucisque
656 583 913 625 contentari
931 583 1077 623 discat
1095 586 1140 623 et
1157 582 1438 635 simplicibus

120 655 353 704 delectari,
367 665 451 695 nec
461 657 620 712 contra
638 653 825 709 aliquod
842 652 1167 694 inconveniens
1178 652 1436 693 mussitare.

619 869 944 891 ——qogoffi-

549 1090 812 1139 CAPUT
878 1087 1011 1137 XII.

262 1204 331 1245 De
361 1203 683 1256 informatione
709 1203 957 1258 patientiae
997 1211 1036 1244 et
1069 1202 1305 1244 laetamine

470 1276 674 1316 adversus
708 1272 1095 1328 concupiscentias.

207 1425 247 1463 1.
278 1404 491 1463 Domine
522 1421 673 1470 Deus,
705 1425 756 1460 ut
787 1419 946 1470 viden,
979 1420 1203 1473 patientia
1236 1423 1307 1461 est
1336 1418 1445 1459 mihi

123 1494 256 1535 valde
289 1493 574 1544 necessaria3
605 1492 750 1533 multa
784 1493 973 1533 enimin
998 1491 1085 1533 hac
1108 1493 1204 1532 vita
1236 1492 1448 1534 accidunt

124 1566 367 1605 contraria.
427 1563 547 1604 Nam
564 1563 940 1617 qualitercunque
965 1562 1238 1603 ordinavero
1258 1562 1314 1603 de
1331 1574 1445 1616 pace

124 1648 241 1685 mea,
260 1647 350 1675 non
367 1638 523 1687 potest
540 1646 640 1674 esse
659 1634 757 1673 sine
776 1632 897 1673 bello
919 1636 965 1673 et
982 1632 1144 1673 dolore
1160 1633 1255 1673 vita
1270 1645 1388 1673 mea.

206 1707 245 1744 2.
277 1705 347 1745 Ita
372 1708 463 1753 est,
489 1704 569 1743 fili.
629 1702 721 1744 Sed
744 1702 851 1743 volo
877 1707 924 1743 te
949 1715 1041 1743 non
1065 1702 1205 1743 talem
1223 1714 1446 1756 quaerere

120 1787 303 1828 pacem,
332 1786 448 1828 quae
465 1773 793 1814 tentationibus
821 1776 979 1813 careat
1004 1776 1083 1812 aut
1108 1772 1339 1812 contraria
1355 1783 1446 1812 non

122 1846 305 1895 sentiat,
317 1844 399 1885 sed
414 1849 522 1884 tunc
540 1843 678 1884 etiam
696 1843 942 1883 aestimare
961 1847 1005 1883 te
1021 1854 1183 1896 pacem
1198 1840 1444 1890 invenisse,

124 1928 224 1955 cum
255 1914 399 1956 fueris
430 1914 569 1954 variis
601 1912 975 1954 tribulationibus
1009 1911 1286 1953 exercitatus
1323 1915 1369 1951 et
1398 1910 1446 1949 in

120 1985 274 2026 multis
294 1983 696 2025 contrarietatibus
713 1982 950 2036 probatus.
1011 1981 1061 2024 Si
1079 1981 1272 2030 dixeris,
1290 1985 1336 2020 te
1353 1992 1444 2020 non

121 2067 257 2108 posse
289 2054 433 2094 multa
463 2054 582 2107 pati,
617 2052 847 2107 quomodo
880 2057 989 2094 tunc
1019 2051 1264 2093 sustinebis
1292 2051 1444 2104 ignem

120 2123 404 2179 purgatoriffl
460 2125 532 2165 De
551 2124 729 2164 duobus
753 2123 887 2163 mah's
907 2123 1055 2163 minus
1082 2125 1153 2162 est
1168 2132 1350 2173 semper
1367 2119 1446 2160 eli-

123 2195 334 2249 gendum.
395 2194 455 2235 Ut
487 2206 597 2247 ergo
632 2197 822 2234 aeterna
853 2191 1010 2232 futura
1040 2190 1265 2244 supplicia
1295 2190 1446 2242 possis

125 2265 341 2315 evadere,
367 2264 489 2305 mala
506 2263 770 2317 praesentia
795 2261 982 2304 studeas
998 2273 1083 2316 pro
1102 2261 1203 2302 Deo
1232 2258 1446 2313 aequani-
