1530 2517
294 108 568 146 CHRISTI
625 107 734 144 LIB.
765 107 822 142 11.
856 107 978 143 CAP.
1010 108 1048 143 2.
1068 108 1105 144 3.
1318 107 1370 145 57

48 210 224 247 doctus.
283 205 436 246 Homo
465 204 757 258 passionatus
784 205 922 244 etiam
945 204 1114 245 bonum
1139 206 1185 244 in
1203 205 1372 245 malum

48 274 189 316 trahit
221 279 266 316 et
296 274 497 316 faciliter
534 274 703 314 malum
742 273 900 315 credit.
959 274 1116 315 Bonus
1155 275 1372 328 pacificus

48 344 185 387 homo
206 345 357 386 onmia
374 344 432 385 ad
447 345 616 385 bonum
636 344 873 385 convertit.
936 344 1024 394 Qui
1047 344 1164 386 bene
1189 346 1235 386 in
1258 357 1373 399 pace

51 421 142 467 est,
170 415 226 457 de
251 415 375 455 nullo
402 415 683 468 suspicatum
717 415 794 468 qui
819 418 972 455 autem
995 414 1115 455 male
1135 420 1374 456 contentus

52 490 122 527 est
140 489 186 526 et
202 489 477 536 commotus,
510 485 650 525 variis
675 484 1012 537 suspicionibus
1042 485 1257 539 agitatur,
1291 498 1375 527 nec

50 555 150 609 ipse
177 555 392 609 quiescit,
424 567 510 596 nec
536 554 652 595 alios
686 554 923 609 quiescere
954 555 1190 608 permittit.
1249 556 1377 596 Dicit

52 636 208 678 saepe,
229 624 351 679 quod
369 624 522 666 dicere
539 637 630 665 non
649 624 852 675 deberet,
873 629 919 666 et
937 625 1126 676 omittit,
1147 625 1270 679 quod
1287 626 1376 666 sibi

50 695 197 750 magis
208 693 364 736 facere
383 694 632 748 expediret.
695 694 982 744 Considerat,
996 695 1118 749 quod
1130 695 1209 735 alii
1218 694 1376 736 facere

52 769 275 816 tenentur,
297 769 343 806 et
358 764 572 819 negligit,
600 764 722 819 quod
738 765 836 818 ipse
853 768 1050 805 tenetur.
1108 765 1243 806 Habe
1263 778 1374 820 ergo

51 836 197 889 primo
217 835 366 876 zelum
383 848 521 888 super
535 839 580 875 te
597 835 767 888 ipsum,
794 838 841 875 et
863 838 971 876 tunc
983 835 1106 889 juste
1124 835 1279 877 zelare
1296 849 1376 890 po-

51 906 162 947 teris
182 906 318 946 etiam
334 905 590 958 proximum
606 908 747 944 tuum.

134 977 175 1016 2.
208 976 280 1016 Tu
295 975 411 1016 bene
429 975 518 1015 scis
536 973 661 1015 facta
676 979 757 1014 tua
775 986 995 1017 excusare
1014 980 1061 1017 et
1077 975 1289 1017 eolorare
1300 1007 1312 1028 ,
1332 982 1379 1018 et

52 1045 247 1086 aliorum
259 1045 576 1086 excusationes
586 1057 678 1085 non
686 1045 753 1086 vis
769 1045 992 1099 recipere.
1049 1046 1224 1088 Justius
1238 1055 1375 1098 esset,

51 1120 102 1156 ut
115 1119 162 1157 te
189 1126 429 1157 accusares
457 1120 503 1157 et
518 1114 709 1157 fratrem
733 1119 860 1156 tuum
887 1127 1147 1158 excusares·
1205 1117 1256 1160 Si
1272 1131 1375 1171 por-

50 1186 143 1227 tari
157 1186 241 1237 vis,
258 1190 394 1240 porta
413 1190 458 1226 et
475 1185 628 1225 alium.
687 1185 822 1237 Vide,
843 1199 978 1240 quam
1002 1186 1141 1242 longe
1160 1200 1209 1228 es
1228 1185 1377 1229 adhuc

53 1268 81 1296 a
95 1267 206 1298 vera
223 1256 413 1297 caritate
432 1261 478 1297 et
501 1254 781 1308 humilitate,
808 1269 925 1311 quae
950 1257 1065 1298 nulli
1087 1258 1216 1299 novit
1237 1259 1377 1300 irasci

51 1326 126 1368 vel
155 1325 400 1381 indignari,
432 1326 522 1366 nisi
553 1330 729 1367 tantum
760 1327 862 1368 sibi.
922 1327 1027 1369 Non
1060 1333 1130 1369 est
1160 1341 1375 1383 magnum

52 1409 153 1438 cum
176 1396 310 1438 bonis
337 1400 384 1437 et
405 1396 654 1437 mansuetis
673 1398 959 1448 conversari3
991 1395 1079 1439 hoc
1098 1399 1216 1440 enim
1235 1400 1375 1438 omni-

50 1467 134 1507 bus
151 1466 423 1508 naturaliter
431 1466 606 1520 placet,
627 1471 674 1508 et
688 1468 999 1523 unusquisque
1009 1467 1377 1522 libenterpacem

51 1535 213 1587 habet,
231 1531 294 1578 ²et
316 1549 471 1578 secum
494 1537 745 1578 sentientes
777 1538 926 1592 magis
951 1537 1125 1592 diligit3
1158 1538 1242 1579 sed
1276 1552 1377 1579 cum

52 1607 178 1647 duris
205 1611 250 1648 et
271 1607 500 1660 perversis
527 1612 605 1648 aut
628 1607 981 1661 indisciplinatis
1008 1613 1087 1648 aut
1110 1609 1243 1649 nobis
1270 1622 1374 1650 con-

50 1677 346 1718 trariantibus
370 1677 561 1731 pacifice
585 1690 725 1732 posse
749 1679 903 1720 vivere
928 1691 1098 1733 magna
1121 1679 1274 1733 gratia
1292 1685 1376 1729 est,

53 1752 99 1788 et
114 1747 344 1789 laudabile
361 1747 494 1788 nimis
510 1748 735 1803 virileque
752 1747 938 1790 factum.

136 1817 175 1859 3.
210 1816 335 1868 Sunt,
369 1818 446 1872 qui
471 1831 520 1860 se
544 1819 672 1873 ipsos
696 1819 744 1859 in
768 1832 882 1873 pace
906 1824 1067 1861 tenent
1083 1823 1129 1861 et
1152 1832 1253 1861 cum
1272 1820 1374 1862 aliis

53 1888 192 1929 etiam
207 1899 368 1941 pacem
376 1885 560 1929 habent.
617 1889 678 1930 Et
693 1894 811 1940 sunt,
826 1890 903 1944 qui
918 1902 1174 1944 necpacem
1190 1889 1375 1941 habent,

52 1970 137 2002 uec
154 1957 271 1998 alios
288 1957 334 1996 in
351 1969 464 2010 pace
483 1958 735 2010 dimittunt3
748 1959 850 2000 aliis
868 1965 973 2000 sunt
988 1972 1169 2014 graves,
1187 1961 1271 2002 sed
1288 1961 1375 2002 sibi

50 2039 231 2081 semper
247 2028 500 2081 graviores.
560 2029 620 2069 Et
635 2033 762 2081 sunt,
789 2030 866 2084 qui
884 2043 933 2071 se
957 2031 1084 2084 ipsos
1100 2031 1147 2071 in
1172 2044 1287 2084 pace
1302 2044 1374 2072 re-

48 2097 195 2139 tinent
211 2101 257 2138 et
273 2096 500 2151 adpacem
512 2098 629 2140 alios
637 2099 861 2141 reducere
872 2100 1070 2142 student.
1128 2101 1212 2141 Est
1221 2106 1374 2141 tamen

48 2174 148 2209 tota
171 2180 261 2222 pax
285 2173 443 2210 nostra
465 2168 514 2208 in
538 2167 625 2210 hac
647 2170 817 2210 misera
840 2171 935 2211 vita
958 2171 1111 2224 potius
1134 2171 1181 2211 in
1214 2169 1373 2210 humili

48 2237 317 2280 sufferentia
333 2238 568 2293 ponenda,
596 2252 730 2293 quam
755 2240 801 2279 in
826 2253 917 2281 non
934 2241 1173 2282 sentiendo
1195 2245 1372 2281 contra-
