1530 2517
136 128 215 167 128
505 127 587 162 DE
627 107 1026 163 IMITATIONE

135 222 308 277 aliquid
324 222 480 276 magni
494 226 540 262 te
556 226 742 275 reputes
769 225 848 262 aut
863 220 1128 275 specialiter
1144 218 1358 260 dilectum
1377 230 1451 259 ex-

133 293 324 342 istimes,
338 292 377 332 si
393 292 439 331 in
455 303 623 345 magna
631 290 774 332 fueris
787 291 1030 332 devotione
1044 294 1179 344 atque
1191 288 1450 329 dulcedine:

136 363 242 415 quia
266 362 312 401 in
336 362 437 401 istis
461 374 553 401 non
579 361 872 415 cognoscitur
894 373 1027 402 verus
1055 363 1233 400 amator
1256 358 1450 408 virtutis,

133 444 219 471 nec
234 432 282 470 in
297 431 397 472 istis
416 431 625 471 consistit
639 430 874 484 profectus
894 434 939 471 et
954 428 1178 483 perfectio
1197 426 1407 469 hominis.

218 501 257 540 4.
289 501 340 542 In
358 513 446 555 quo
467 513 593 555 ergo,
610 499 835 541 Domine‘}

219 570 258 610 5.
291 571 342 611 In
360 569 597 611 offerendo
614 575 661 611 te
688 583 745 611 ex
765 574 865 611 toto
894 569 1031 610 corde
1048 573 1126 609 tuo
1145 567 1369 608 voluntati
1388 566 1451 607 di-

135 641 289 690 vinae,
315 652 406 680 non
433 641 719 694 quaerendo,
747 651 863 694 quae
886 643 967 679 tua
991 642 1114 688 sunt,
1140 649 1225 678 nec
1246 637 1294 676 in
1309 648 1450 690 parvo

136 710 283 751 necin
298 722 480 763 magno,
499 711 645 750 necin
661 714 868 763 tempore
893 721 979 749 nec
1001 709 1049 747 in
1075 707 1362 757 aeternitate,
1387 706 1454 746 ita

137 785 188 819 ut
202 791 293 819 una
311 779 494 834 aequali
509 778 630 820 facie
646 780 693 819 in
710 780 962 834 gratiarum
988 777 1167 818 actione
1184 787 1453 830 permaneas

135 850 256 889 inter
271 861 495 902 prospera
512 854 558 890 et
574 850 826 899 contraria,
855 847 1007 889 omnia
1032 859 1179 900 aequa
1199 846 1331 887 lance
1347 858 1454 899 pen·
1498 900 1501 901 ⁷

138 918 298 959 sando.
360 918 410 960 Si
425 918 569 960 fueris
585 923 680 959 tam
695 918 829 960 fortis
855 922 901 959 et
916 917 1189 971 longanimis
1206 916 1254 956 in
1277 928 1357 969 spe
1369 946 1380 966 ‚
1405 920 1457 956 ut

138 991 372 1031 subtracta
395 989 608 1029 interiori
633 989 950 1029 consolatione
978 988 1116 1029 etiam
1149 986 1207 1026 ad
1232 986 1457 1040 ampliora

138 1058 405 1099 sustinenda
428 1071 508 1099 cor
522 1062 648 1098 tuum
664 1057 1037 1112 praeparaveris,
1063 1068 1149 1096 nec
1168 1060 1214 1096 te
1236 1055 1456 1109 justifica-

138 1129 260 1170 veris
271 1158 284 1179 ,
311 1128 443 1182 quasi
458 1126 574 1168 haec
588 1132 807 1182 tantaque
824 1128 921 1181 pati
935 1139 1026 1167 non
1044 1125 1235 1166 deberes
1248 1155 1260 1176 ‚
1286 1125 1369 1165 sed
1384 1138 1456 1166 me

138 1200 185 1239 in
210 1198 417 1239 omnibus
435 1197 812 1250 dispositionibus
832 1195 1156 1251 justificaveris
1184 1198 1230 1235 et
1252 1199 1457 1236 sanctum

138 1267 420 1308 laudaveris:
453 1270 562 1308 tunc
576 1268 623 1307 in
639 1280 749 1308 vera
775 1271 821 1308 et
840 1270 971 1307 recta
985 1265 1061 1305 via
1084 1265 1210 1317 pacis
1237 1264 1456 1315 ambulas,

143 1342 188 1378 et
210 1349 314 1390 spes
337 1336 595 1377 indubitata
619 1338 727 1389 erit,
756 1335 879 1392 quod
894 1347 1051 1376 rursus
1068 1334 1114 1373 in
1129 1334 1274 1388 jubilo
1293 1333 1459 1376 faciem

139 1419 289 1447 meam
305 1406 368 1447 sis
384 1407 576 1447 visurus.
628 1406 763 1457 Quod
779 1407 819 1448 si
836 1405 894 1446 ad
910 1404 1094 1459 plenum
1110 1403 1178 1443 tui
1192 1403 1336 1456 ipsius
1355 1416 1458 1445 con-

138 1482 328 1518 temtum
376 1477 643 1529 perveneris
655 1507 667 1527 ,
724 1477 840 1518 scito
883 1474 1006 1529 quod
1035 1477 1144 1514 tunc
1182 1473 1459 1515 abundantia

139 1548 265 1600 pacis
305 1545 556 1600 perfrueris
603 1546 850 1588 secundum
889 1542 1243 1599 possibilitatem
1280 1545 1348 1586 tui
1392 1545 1456 1585 in-

141 1616 332 1658 colatus.
