1530 2517
176 137 267 178 236.
567 139 651 175 DE
688 139 1088 176 IMITATIONE

602 394 861 441 CAPUT
920 396 1046 441 XV.

233 509 363 561 Quod
390 508 547 564 gratia
578 509 818 550 devotionis
849 508 1094 552 humilitate
1127 518 1169 552 et
1198 511 1268 552 sui
1296 512 1429 566 ipsius

537 578 832 634 abnegatione
864 579 1124 634 acquiritur.

582 715 724 766 Vox
771 715 1077 769 DlLecrl.

253 865 293 904 1.
327 849 535 921 Oportet
552 871 596 906 te
614 865 869 906 devotionis
887 868 1082 920 gratiam
1106 869 1329 910 instanter
1347 877 1490 924 quae-I

168 950 286 988 rere,
299 938 797 992 desideranter-petere,
810 941 1038 992 patienter
1056 945 1100 981 et
1116 940 1390 983 fiducialiter
1408 954 1482 983 ex-

168 1012 399 1059 spectare,
425 1014 662 1062 gratanter
680 1009 909 1062 recipere,
937 1008 1168 1050 humiliter
1193 1023 1480 1062 conservare,

168 1077 372 1119 studiose
392 1091 491 1119 cum
510 1091 566 1119 ea
584 1079 766 1132 operari
790 1091 842 1119 ac
858 1079 959 1119 Deo
978 1080 1219 1120 terminum
1237 1086 1283 1121 et
1296 1082 1482 1122 modum

167 1159 390 1199 supernae
407 1149 696 1198 visitationis,
711 1148 856 1188 donee
868 1149 1034 1198 veniat,
1045 1151 1344 1192 committere.
1385 1153 1480 1192 Hu-

166 1217 344 1259 miliare
360 1220 606 1272 praecipue
624 1223 669 1259 te
689 1217 852 1269 debes,
880 1231 979 1259 cum
996 1231 1155 1272 parum
1181 1225 1259 1261 aut
1275 1220 1388 1262 nihil
1406 1222 1481 1263 de-

167 1288 364 1329 votionis
380 1289 572 1330 interius
590 1289 748 1339 sentis,
761 1288 843 1330 sed
859 1302 949 1329 non
967 1290 1152 1329 nimium
1163 1290 1298 1345 dejici
1316 1293 1481 1333 necin-

167 1357 374 1400 ordinate
402 1360 677 1400 contristari.
737 1359 832 1400 Dat
855 1371 994 1412 saepe
1020 1359 1146 1400 Deus
1169 1360 1214 1400 in
1240 1374 1328 1401 uno
1354 1362 1483 1402 brevi

164 1434 410 1480 momento,
431 1430 553 1484 quod
570 1430 708 1483 longo
729 1429 915 1483 negavit
929 1433 1160 1482 tempore3
1186 1430 1265 1471 dat
1282 1432 1482 1485 quando-

167 1511 252 1552 que
269 1499 315 1538 in
332 1500 443 1549 fine,
471 1500 593 1554 quod
615 1500 661 1539 in
679 1500 901 1553 principio
923 1499 1144 1540 orationis
1163 1499 1339 1541 distulit
1355 1500 1480 1541 dare.

248 1570 286 1608 2.
322 1569 371 1610 Si
396 1582 577 1623 semper
602 1570 691 1610 cito
718 1569 868 1623 gratia
887 1568 1074 1610 daretur
1098 1573 1144 1609 et
1167 1582 1247 1622 pro
1273 1574 1381 1611 voto
1406 1571 1482 1611 ad-

167 1644 302 1688 esset,
321 1652 410 1679 non
429 1645 553 1681 esset
568 1640 746 1679 infirmo
767 1638 939 1679 homini
955 1640 1071 1681 bene
1088 1640 1330 1693 portabile.
1371 1641 1482 1681 Pro-

164 1713 325 1761 pterea
348 1710 394 1748 in
417 1710 542 1750 bona
568 1722 648 1763 spe
676 1714 722 1750 et
745 1708 904 1749 humili
929 1709 1151 1762 patientia
1177 1711 1483 1764 exspectanda

167 1783 236 1819 est
267 1778 525 1820 devotionis
558 1781 722 1834 gratia.
784 1780 889 1820 Tibi
914 1784 1067 1820 tamen
1096 1784 1142 1821 et
1164 1781 1365 1833 peccatis
1390 1781 1481 1821 tuis

163 1848 358 1902 imputa,
392 1862 493 1890 cum
525 1862 615 1890 non
641 1850 775 1891 datur
805 1849 881 1891 vel
912 1850 1048 1890 etiam
1083 1850 1259 1891 occulte
1289 1850 1480 1891 tollitur.

161 1918 392 1959 Modicum
422 1920 693 1975 quandoque
721 1925 811 1970 est,
841 1919 963 1974 quod
995 1921 1191 1974 gratiam
1214 1920 1405 1973 impedit
1437 1923 1486 1962 et

163 1988 424 2039 abscondit;
451 1990 490 2030 si
514 1994 667 2031 tamen
690 1988 922 2031 modicum'
946 1994 992 2031 et
1014 2002 1107 2030 non
1131 1990 1283 2043 potius
1306 1989 1479 2044 grande

160 2058 251 2100 dici
270 2058 450 2110 debeat,
471 2060 593 2114 quod
609 2065 783 2101 tantum
799 2061 968 2101 bonum
985 2057 1213 2113 prohibet.
1259 2059 1319 2100 Et
1335 2060 1375 2099 si
1391 2057 1480 2099 hoc

158 2130 307 2183 ipsum
330 2129 559 2171 modicum
580 2130 655 2171 vel
681 2130 854 2184 grande
880 2130 1106 2171 amoveris
1132 2127 1396 2183 etperfecte
1414 2129 1476 2168 vi-

163 2199 294 2249 ceris,
315 2200 402 2240 erit
420 2199 540 2253 quod
558 2201 745 2253 petiisti.

242 2270 281 2309 3.
316 2268 478 2310 Statim
496 2283 712 2324 namque,
737 2276 788 2310 ut
804 2275 851 2311 te
869 2271 969 2312 Deo
991 2282 1046 2311 ex
1061 2274 1161 2313 toto
1182 2268 1319 2310 corde
1336 2267 1471 2309 tradi-
