1530 2517
319 108 584 148 CHRISTI
640 110 750 147 LIB.
781 112 812 148 Ι.
845 112 969 150 ΟΑΡ.
1001 113 1152 151 18.19.
1348 112 1401 155 29

493 322 758 370 CAPUT
821 327 981 373 XIX.

383 436 453 479 De
490 438 710 480 exercitiis
745 440 849 482 boni
880 443 1091 496 religiosi.

155 574 196 614 1.
225 554 341 613 ‘sita
364 571 473 611 boui
496 570 710 626 religiosi
736 573 945 614 omnibus
963 575 1207 615 virtutibus
1228 576 1406 628 pollere

72 646 231 697 debet,
257 650 308 687 ut
324 646 384 687 sit
401 645 509 686 talis
527 647 719 687 interius
732 676 743 696 ,
773 646 921 700 qualis
939 646 1121 687 videtur
1145 646 1405 689 hominibus

74 718 291 758 exterius.
359 716 421 757 Et
450 717 615 757 merito
648 716 791 756 multo
825 716 927 769 plus
961 717 1100 757 debet
1132 730 1234 759 esse
1266 720 1403 769 intus,

72 800 209 842 quam
226 787 351 842 quod
376 787 577 828 cernitur
592 786 732 837 foris,
767 787 876 841 quia
899 788 1135 840 inspector
1159 794 1319 830 noster
1337 793 1407 830 est

67 858 221 909 Deus,
270 870 405 912 quem
445 869 736 911 summopere
773 858 979 897 revereri
1020 856 1260 909 debemus,
1308 859 1405 899 ubi-

72 940 249 982 cunque
281 927 525 978 fuerimus,
562 932 608 968 et
641 932 859 982 tanquam
891 928 1057 982 Angeli
1081 930 1128 968 in
1156 935 1407 982 conspectu

71 999 170 1053 ejus
195 998 352 1039 mundi
374 997 604 1039 incedere.
667 999 802 1039 Omni
836 998 909 1039 die
934 1011 1160 1039 renovare
1187 999 1404 1040 debemus

68 1063 365 1124 propositum
395 1075 602 1109 nostrum
635 1075 681 1109 et
714 1069 774 1109 ad
804 1068 1035 1109 fervorem
1066 1083 1151 1109 nos
1187 1071 1404 1120 excitare,

75 1140 208 1195 quasi
238 1137 377 1180 hodie
411 1139 607 1193 primum
641 1140 701 1179 ad
733 1140 1080 1180 conversionem
1105 1141 1403 1191 venissemus,

72 1215 210 1265 atque
228 1210 403 1251 dicere:
423 1209 600 1263 Adjuva
617 1222 704 1259 me,
718 1211 915 1251 Domine
932 1210 1074 1260 Deus,
1092 1211 1140 1250 in
1155 1210 1277 1251 bono
1301 1223 1402 1264 pro-

71 1281 224 1335 posito
252 1285 299 1321 et
322 1284 481 1321 saneto
509 1281 696 1320 servitio
722 1282 827 1330 tuo,
856 1285 902 1320 et
918 1280 977 1320 da
1000 1279 1112 1320 mihi
1128 1294 1247 1321 nunc
1264 1279 1403 1322 hodie

70 1350 277 1405 perfecte
293 1351 512 1404 incipere,
533 1351 640 1404 quia
657 1348 771 1390 nihil
789 1357 859 1391 est
877 1350 1000 1404 quod
1017 1349 1236 1391 hactenus
1253 1350 1359 1392 feei.

154 1423 195 1461 2.
229 1420 489 1463 Secundum
528 1421 816 1473 propositum
857 1426 1064 1461 nostrum
1106 1434 1264 1462 cursus
1296 1435 1405 1476 pro-

68 1490 218 1533 fectus
236 1491 406 1540 nostri,
435 1496 480 1532 et
495 1490 640 1530 multa
665 1490 908 1544 diligentia
934 1503 1048 1544 opus
1076 1496 1146 1531 est
1160 1492 1278 1532 bene
1296 1505 1402 1546 pro-

69 1563 208 1603 ficere
224 1561 412 1602 volenti.
474 1561 607 1610 Quod
627 1561 667 1601 si
684 1560 869 1601 fortiter
886 1573 1147 1614 proponens
1166 1574 1305 1615 saepe
1324 1563 1402 1604 de-

70 1633 184 1673 ficit:
213 1631 322 1686 quid
342 1631 445 1683 ille,
474 1633 551 1686 qui
574 1644 682 1672 raro
709 1637 788 1671 aut
811 1633 959 1671 minus
986 1633 1074 1673 fixe
1101 1632 1274 1686 aliquid
1298 1646 1404 1686 pro-

69 1700 228 1757 ponit'}
250 1702 405 1744 Variis
429 1707 585 1743 tamen
601 1702 752 1742 modis
772 1704 997 1756 contingit
1013 1702 1214 1743 desertio
1233 1715 1402 1757 propo-

68 1773 145 1814 siti
175 1774 344 1823 nostri,
387 1777 434 1814 et
464 1772 579 1814 levis
614 1773 802 1813 omissio
838 1774 1162 1814 exercitiorum
1194 1775 1271 1813 vix
1303 1775 1401 1816 sine

68 1843 222 1897 aliquo
257 1843 496 1896 dispendio
528 1844 708 1883 transit.
767 1844 1002 1884 Justorum
1033 1845 1321 1898 propositum
1355 1846 1401 1885 in

69 1915 221 1968 gratia
238 1914 328 1954 Dei
343 1914 497 1967 potius
509 1943 521 1963 ,
542 1925 676 1967 quam
692 1914 738 1953 in
757 1915 945 1967 propria
962 1915 1190 1968 sapientia
1207 1915 1397 1968 pendet:

65 1985 113 2024 in
131 1996 220 2038 quo
242 1989 288 2025 et
304 1996 487 2037 semper
503 1984 749 2034 confidunt,
763 1984 983 2038 quidquid
1001 1985 1239 2038 arripiunt.
1280 1984 1399 2026 Nam

66 2053 204 2095 homo
244 2055 483 2108 proponit,
533 2054 614 2095 sed
653 2055 781 2095 Deus
822 2055 1046 2108 disponit,
1095 2067 1180 2096 nec
1221 2060 1307 2096 est
1345 2057 1398 2095 in

67 2123 290 2166 homine
322 2126 414 2164 via
447 2125 580 2178 ejus.

153 2268 186 2297 2.
218 2263 351 2297 Jerem.
369 2268 422 2303 10,
440 2267 492 2298 23.
