1530 2517
179 124 205 164 4
591 123 672 159 DE
707 123 1091 160 IMITATIONE

179 221 408 275 frequenti
442 219 598 260 auditu
625 218 850 273 evangelii
880 231 1068 272 parvum
1101 219 1368 260 desiderium
1398 233 1498 261 sen-

180 292 310 341 tiunt,
331 291 437 345 quia
453 291 661 344 spiritum
680 288 849 330 Christi
872 301 964 328 non
988 287 1169 329 habent.
1233 290 1322 339 Qui
1347 294 1498 331 autem

179 361 275 400 vult
290 360 424 413 plene
444 364 489 400 et
505 359 663 413 sapide
677 357 844 400 Christi
861 359 1001 399 verba
1015 359 1288 413 intelligere,
1303 365 1497 412 oportet,

180 436 230 470 ut
246 434 392 470 totam
408 429 547 470 vitam
565 441 694 470 suam
708 429 779 469 illi
796 428 980 469 studeat
997 428 1300 470 conformare.

262 514 301 553 3.
336 513 456 562 Quid
478 512 666 566 prodest
689 513 774 553 tibi
800 511 893 552 alta
918 512 973 552 de
999 513 1224 552 Trinitate
1250 512 1498 565 disputare,

182 584 223 624 si
239 596 397 623 careas
415 581 683 633 humilitate,
702 582 821 623 unde
841 583 1083 635 displiceas
1102 580 1345 623 Trinitati'}
1360 582 1498 632 Vere,

184 653 278 693 alta
300 653 441 693 verba
465 665 557 693 non
581 651 756 693 faciunt
780 657 986 693 sanetum
1012 657 1058 693 et
1078 653 1272 706 justum,
1308 651 1390 692 sed
1412 652 1499 691 vir-

180 731 317 765 tuosa
347 723 440 763 vita
473 722 611 763 efficit
640 723 742 763 Deo
777 735 944 763 carum.
1006 723 1123 776 Opto
1150 722 1296 776 magis
1330 723 1498 761 sentire

185 793 601 846 compunctionem,
637 805 771 847 quam
796 794 912 833 scire
940 793 1038 846 ejus
1065 792 1389 833 definitionem.
1452 790 1502 831 Si

184 864 325 904 scires
342 868 485 904 totam
503 862 692 903 bibliam
711 863 908 903 exterius
928 867 973 902 et
991 863 1190 902 omnium
1205 859 1500 915 philosopho-

183 946 284 974 rum
301 933 443 974 dicta:
472 932 580 987 quid
595 937 742 973 totum
765 932 1009 985 prodesset
1024 933 1122 973 sine
1141 933 1331 973 caritate
1348 932 1440 972 Dei
1457 935 1502 970 et

184 1001 362 1057 gratia'}
422 1003 662 1044 vanitas
721 1002 1035 1042 vanitatum
1082 1007 1136 1042 et
1182 1001 1366 1042 onmia
1409 1012 1500 1040 va-

180 1074 356 1123 nitas,
413 1077 643 1126 praeter
699 1084 883 1112 amare
929 1073 970 1112 D
986 1085 1105 1113 eum
1153 1076 1207 1112 et
1251 1070 1345 1110 illi
1390 1070 1502 1110 soli

183 1157 203 1183 s
219 1142 418 1183 ervire.
478 1143 571 1183 Ista
589 1146 655 1183 est
675 1154 848 1182 summa
865 1143 1104 1195 sapientia,
1124 1155 1207 1195 per
1224 1144 1501 1182 contemtum

182 1212 338 1253 mundi
353 1211 544 1253 tendere
563 1212 620 1252 ad
635 1224 780 1267 regna
798 1225 849 1253 co
857 1212 1032 1253 elestia.

266 1281 307 1323 4.
338 1282 530 1325 Vanitas
554 1282 695 1337 igitur
719 1286 789 1323 est
812 1282 992 1323 divitias
1025 1260 1251 1335 perituras
1278 1292 1501 1335 quaerere

185 1353 259 1393 et
245 1366 292 1393 in
307 1353 400 1394 illis
418 1365 622 1406 sperare.
680 1352 871 1394 Vanitas
891 1365 1070 1407 quoque
1099 1356 1169 1392 est
1192 1351 1392 1393 honores
1410 1363 1501 1391 am-

180 1422 279 1463 bire
308 1427 354 1463 et
383 1423 432 1463 in
465 1422 607 1462 altum
637 1426 806 1462 statum
837 1436 886 1463 se
920 1422 1155 1463 extollere.
1215 1422 1407 1464 Vanitas
1433 1425 1504 1462 est

184 1493 332 1532 carnis
351 1491 583 1533 desideria
600 1492 742 1546 sequi,
757 1496 802 1533 et
817 1491 932 1532 illud
950 1492 1229 1542 desiderare,
1241 1491 1361 1531 unde
1378 1495 1502 1544 post·
1516 1487 1524 1526 ἶ,

181 1561 367 1602 modum
383 1562 586 1616 graviter
603 1566 785 1615 oportet
802 1562 962 1615 puniri.
1021 1562 1212 1604 Vanitas
1232 1566 1301 1602 est
1317 1561 1504 1615 longam
1524 1591 1525 1594 η

183 1632 323 1672 vitam
341 1636 502 1685 optare
522 1636 568 1673 et
584 1631 640 1672 de
657 1632 779 1672 bona
794 1633 889 1671 vita
904 1644 1063 1684 parum
1075 1643 1250 1672 curare.
1310 1630 1501 1672 Vanitas

184 1705 254 1741 est
268 1705 557 1754 praesentem
572 1702 711 1741 vitam
727 1701 877 1742 solum
894 1700 1128 1741 attendere
1139 1731 1151 1750 ,
1179 1704 1226 1742 et
1250 1713 1366 1754 quae
1383 1699 1502 1741 futu-

181 1783 236 1811 ra
252 1775 377 1821 sunt,
395 1783 487 1812 non
503 1771 787 1824 praevidere.
847 1771 1039 1814 Vanitas
1058 1775 1127 1811 est
1144 1759 1360 1824 diligere,
1380 1769 1502 1824 quod

185 1852 286 1881 cum
311 1840 435 1881 omni
459 1840 695 1882 celeritate
719 1842 905 1892 transit,
940 1846 986 1882 et
1008 1841 1118 1882 illuc
1140 1853 1231 1880 non
1263 1839 1500 1889 festinare,

182 1910 263 1950 ubi
279 1910 603 1964 sempiternum
620 1910 837 1965 gaudium
852 1916 1019 1951 manet.

267 1979 308 2020 5.
338 1980 572 2022 Memento
603 1980 727 2021 illius
766 1980 1034 2035 frequenter
1071 1979 1321 2033 proverbii:
1372 1978 1501 2032 quia

183 2061 291 2090 non
322 2051 576 2092 satiatur
607 2063 632 2091 o
647 2050 803 2091 culus
833 2051 958 2091 visu
988 2063 1089 2090 nec
1121 2049 1274 2089 auris
1305 2048 1501 2100 imple-

183 2125 275 2161 tur
303 2120 512 2161 auditu.
574 2119 715 2162 Stude
741 2132 851 2174 ergo
880 2132 960 2161 cor
982 2125 1108 2159 tuum
1135 2119 1189 2158 ab
1217 2130 1372 2157 amore
1397 2118 1501 2157 visi-

272 2260 302 2289 3.
329 2255 467 2290 Eccles.
484 2260 510 2296 1,
526 2260 559 2290 2.
651 2262 680 2291 5.
707 2256 843 2290 Eccles.
862 2261 892 2298 1,
907 2262 939 2292 8.
