1530 2517
293 117 556 155 CHRISTI
612 118 724 154 Lm.
755 119 826 155 111.
859 120 980 157 CAP.
1016 121 1080 158 39.
1110 123 1177 159 40.
1305 120 1388 161 151

69 212 215 256 οιιιιιὶῑ
273 213 394 265 Quid
409 214 662 269 promeruit
677 212 839 267 homo,
864 220 916 256 ut
940 215 1074 258 dares
1098 217 1166 258 illi
1190 219 1385 273 gratiam

65 282 217 326 tuam‘}
245 285 459 335 Domine,
472 284 579 339 quid
595 297 780 338 possum
800 287 1083 340 conqueri‚si
1099 300 1172 329 me
1191 288 1386 339 deseris3

65 360 143 396 aut
160 355 268 410 quid
285 355 408 410 juste
436 354 687 397 obtendere
703 368 912 409 possum,
940 358 978 397 si
997 357 1119 411 quod
1134 363 1266 412 peto,
1292 372 1384 399 non

63 423 258 467 feceris&
317 427 453 468 Certe
478 423 567 467 hoc
595 426 642 467 in
666 427 861 468 veritate
887 428 1093 481 cogitare
1117 440 1305 481 possum
1339 434 1385 470 et

63 495 239 538 dicere:
259 495 473 547 Domine,
484 495 599 537 nihil
609 510 722 548 sum,
734 494 847 537 nihil
861 509 1063 551 possum,
1074 496 1190 538 nihil
1203 498 1312 539 boni
1327 511 1384 541 ex

59 578 132 607 me
149 564 297 608 habeo
310 597 322 618 ‚
348 566 432 608 sed
447 567 494 607 in
513 568 719 609 omnibus
739 566 901 608 deficio
926 572 971 609 et
996 567 1054 608 ad
1070 566 1185 609 nihil
1201 581 1382 622 semper

58 636 214 678 tendo.
253 637 314 678 Et
327 638 416 678 nisi
433 650 461 678 a
475 641 522 679 te
540 637 672 679 fuero
693 637 874 691 adJutus
894 643 940 680 et
953 638 1145 680 interius
1161 637 1327 680 inform
1335 651 1380 678 a-

57 711 146 758 tus,
163 711 289 748 totus
309 707 484 749 efficior
499 707 680 762 tepidus
699 712 746 749 et
762 707 1025 750 dissolutus.

139 779 180 818 2.
213 779 287 819 Tu
311 782 485 830 autem,
510 778 728 830 Domine,
755 791 937 832 semper
959 778 1082 820 idem
1105 779 1206 832 ipse
1234 792 1304 829 es,
1335 782 1381 819 et

55 860 298 902 permanes
321 850 370 890 in
393 853 629 890 aeternum
655 862 835 903 semper
850 849 1021 899 bonus,
1043 849 1193 902 justus
1215 853 1261 889 et
1276 861 1377 890 san-

57 924 170 970 ctus,
188 920 321 971 bene,
336 920 461 974 juste
480 932 534 960 ac
550 923 707 960 sancte
726 932 867 973 agens
887 920 1039 960 omnia
1065 924 1111 960 et
1131 919 1377 973 disponens

55 989 102 1029 in
120 990 362 1043 sapientia.
424 989 516 1031 Sed
543 1001 653 1043 egO,
682 990 759 1043 qui
785 989 842 1030 ad
861 988 1090 1030 defectum
1116 1003 1214 1030 sum
1230 991 1377 1044 magis

54 1072 249 1113 pronus,
277 1072 412 1114 quam
431 1060 489 1100 ad
505 1058 784 1114 profectum,
803 1072 894 1100 non
912 1073 1009 1100 sum
1027 1072 1208 1113 semper
1222 1060 1269 1100 in
1286 1073 1375 1101 uno

54 1134 178 1171 statu
187 1130 456 1184 perdurans,
470 1132 577 1185 quia
593 1135 769 1184 septem
777 1134 988 1183 tempora
996 1133 1229 1171 mutantur
1240 1143 1378 1184 super

51 1212 140 1242 me.
199 1201 527 1244 Verumtamen
553 1201 642 1242 cito
669 1200 831 1241 melius
850 1200 915 1251 fit,
935 1213 1035 1241 cum
1051 1201 1136 1241 tibi
1151 1201 1378 1254 placuerit

54 1274 101 1311 et
115 1282 298 1311 manum
313 1272 578 1325 porrexeris
597 1270 887 1325 adjutricem:
923 1271 1030 1324 quia
1052 1274 1103 1311 tu
1126 1270 1252 1311 solus
1278 1271 1376 1311 sine

51 1339 249 1383 humano
267 1340 491 1396 suffragio
509 1341 683 1395 poteris
703 1340 930 1391 auxiliari,
950 1344 996 1381 et
1011 1341 1057 1380 in
1072 1344 1248 1381 tantum
1269 1353 1373 1382 con-

48 1412 253 1463 firmare,
270 1416 322 1453 ut
336 1412 487 1453 vultus
504 1425 633 1453 meus
652 1410 844 1464 amplius
861 1411 907 1451 in
925 1409 1106 1452 diversa
1122 1424 1212 1452 non
1228 1416 1371 1451 mute-

46 1486 136 1533 tur,
154 1481 300 1524 sedin
316 1486 362 1524 te
379 1495 469 1523 uno
489 1494 569 1523 cor
584 1494 735 1523 meum
753 1484 1045 1522 convertatur
1060 1485 1105 1522 et
1123 1482 1341 1536 quiescat.

131 1563 171 1603 3.
203 1562 334 1604 Unde
360 1563 402 1603 si
422 1563 540 1603 bene
564 1563 730 1603 scirem
751 1573 930 1602 omnem
948 1559 1191 1601 humanam
1210 1574 1370 1603 conso-

46 1633 268 1674 lationem
282 1633 498 1687 abjicere,
511 1633 605 1674 sive
617 1635 806 1686 propter
816 1631 1106 1672 devotionem
1118 1632 1370 1686 adipiscen-

50 1703 156 1743 dam
186 1703 283 1745 sive
312 1707 503 1758 propter
532 1703 878 1753 necessitatem,
920 1714 1009 1756 qua
1041 1703 1293 1756 compellor
1322 1707 1369 1743 te

51 1783 299 1825 quaerere,
333 1773 441 1826 quia
470 1785 562 1813 non
595 1777 665 1814 est
688 1770 849 1822 homo,
884 1773 960 1826 qui
984 1785 1056 1813 me
1085 1773 1369 1813 consoletur:

49 1846 158 1882 tunc
174 1854 358 1895 possem
380 1843 545 1884 merito
565 1841 622 1884 de
639 1843 791 1897 gratia
807 1847 887 1883 tua
903 1855 1090 1896 sperare
1112 1847 1158 1884 et
1174 1842 1230 1884 de
1248 1842 1368 1883 dono

49 1923 197 1952 novae
217 1912 546 1954 consolationis
567 1913 811 1954 exsultare.

133 1980 174 2021 4.
209 1980 394 2023 Gratias
410 1983 516 2032 tibi,
543 1982 662 2022 unde
681 1986 829 2023 totum
843 1983 981 2034 venit,
1009 1984 1368 2038 quotiescunque

49 2049 163 2092 mihi
184 2051 303 2093 bene
329 2052 548 2093 succedit.
608 2053 708 2106 Ego
738 2057 890 2093 autem
906 2054 1084 2094 vanitas
1111 2058 1157 2094 et
1180 2051 1370 2092 nihilum

52 2126 156 2162 ante
179 2127 247 2173 te,
280 2123 544 2164 inconstans
571 2119 707 2161 homo
744 2128 788 2163 et
818 2123 1036 2163 infirmus.
1097 2123 1224 2163 Unde
1260 2134 1370 2175 ergo

146 2264 179 2295 2.
207 2265 390 2304 septem
421 2266 636 2306 tempora
662 2272 745 2305 sqq.
762 2262 813 2296 cf·
832 2263 929 2297 Dan.
948 2267 981 2304 4,
1003 2267 1057 2298 13.
1076 2266 1131 2297 20.
1150 2267 1206 2296 ‘2⁶2-
