1530 2517
277 105 540 142 CHRISTI
598 105 708 141 [ΑΒ.
741 105 810 142 ΠΙ.
844 106 965 143 ΟΑΡ.
997 107 1065 142 48.
1083 108 1150 143 49.
1295 103 1374 145 167

128 202 168 244 6.
201 201 330 244 Unde
355 207 426 254 tu,
461 202 657 253 veritas,
692 206 850 256 aperte
878 201 1055 243 dixisti:
1098 203 1191 244 ubi
1232 204 1373 244 enim

47 279 133 315 est
178 271 481 315 thesaurus
522 279 672 324 tuus,
718 272 797 313 ibi
847 276 933 313 est
981 277 1034 313 et
1074 285 1168 314 cor
1205 277 1370 314 tuum.

45 343 92 385 Si
111 343 291 385 coelum
310 343 453 399 diligo
467 374 479 395 ‚
505 343 703 385 libenter
721 342 776 384 de
805 343 1084 384 coelestibus
1101 356 1263 398 penso.
1325 344 1373 387 Si

44 414 258 455 mundum
283 425 410 466 amo,
440 413 598 455 mundi
621 412 922 455 felicitatibus
949 414 1220 468 congaudeo
1249 419 1296 456 et
1316 415 1371 456 de

43 484 398 526 adversitatibus
418 485 516 540 ejus
533 485 707 526 tristor.
769 484 817 527 Si
845 496 1029 526 carnem
1056 484 1224 539 diligo,
1253 498 1370 540 quae

43 556 192 596 carnis
219 561 323 596 sunt
349 569 489 610 saepe
520 556 764 610 imaginor.
826 554 876 596 Si
908 555 1117 608 spiritum
1152 568 1278 608 amo,
1314 556 1369 597 de

42 626 356 680 spiritualibus
387 628 594 682 cogitare
621 626 842 668 delector.
905 625 1216 680 Quaecunque
1250 628 1370 668 enim

39 696 181 752 diligo
194 728 206 748 ‚
235 698 290 739 de
310 697 378 739 his
397 698 595 740 libenter
611 698 779 753 loquor
798 701 844 738 et
862 696 999 737 audio
1012 727 1024 747 ‚
1054 701 1190 751 atque
1207 697 1368 738 talium

37 768 262 822 imagines
294 782 472 810 mecum
507 769 565 809 ad
598 768 782 809 domum
812 771 1019 821 reporto.
1082 767 1175 809 Sed
1204 769 1368 809 beatus

36 838 117 880 ille
136 837 272 880 homo
285 870 298 891 ,
325 840 403 894 qui
418 844 608 894 propter
625 843 692 891 te,
712 839 936 889 Domine,
963 838 1173 880 omnibus
1193 845 1368 880 creatu-

36 910 100 950 ris
126 909 360 951 licentiam
386 910 585 952 abeundi
609 909 789 960 tribuit,
816 909 893 963 qui
917 912 1111 949 naturae
1128 909 1218 949 vim
1240 909 1366 961 facit,

39 984 85 1020 et
109 980 503 1034 concupiscentias
532 981 681 1022 carnis
699 979 884 1021 fervore
911 979 1097 1033 spiritus
1120 980 1366 1035 crucifigit:

33 1055 84 1090 ut
100 1056 315 1092 serenata
332 1051 616 1092 conscientia
624 1063 786 1105 puram
802 1050 887 1091 tibi
905 1050 1163 1091 orationem
1183 1049 1366 1102 offerat,

36 1119 290 1174 dignusque
322 1121 384 1162 sit
413 1121 638 1176 angelicis
670 1122 898 1162 interesse
932 1119 1107 1172 choris,
1158 1122 1366 1163 omnibus

35 1191 228 1232 terrenis
247 1190 361 1233 foris
382 1197 428 1234 et
442 1192 563 1233 intus
584 1192 798 1233 exclusis.

428 1637 701 1685 CAPUT
758 1640 967 1686 XLIX.

136 1750 202 1793 De
223 1753 447 1797 ,desiderio
484 1762 692 1796 aeternae
722 1755 861 1806 vitae,
899 1761 942 1796 et
977 1763 1144 1811 quanta
1176 1755 1265 1797 sint

356 1824 628 1866 certantibus
662 1825 778 1869 bona
803 1826 1042 1882 promissa.

112 1968 152 2007 1-
184 1953 305 2022 Fili,
319 1985 419 2013 cum
433 1972 515 2013 tibi
528 1973 808 2015 desiderium
827 1979 1046 2016 aeternae
1062 1973 1362 2015 beatitudinis

30 2044 228 2100 desuper
243 2045 424 2087 infundi
441 2048 583 2088 sentis
604 2056 650 2088 et
667 2047 723 2087 de
738 2046 1038 2089 tabernaculo
1059 2046 1267 2099 corporis
1288 2056 1362 2085 ex·

31 2117 96 2157 ire
117 2117 427 2170 concupiscis,
453 2120 505 2156 ut
528 2115 784 2157 claritatem
803 2129 950 2160 meam
970 2118 1069 2158 sine
1086 2113 1360 2157 vicissitudi-

124 2255 156 2287 6.
185 2253 322 2288 matth.
341 2258 373 2296 6,
393 2258 449 2288 21.
