1530 2517
330 104 593 142 CHRISTI
649 105 757 140 Lm.
790 105 820 141 1.
854 105 976 142 CAP.
1009 107 1074 142 19.
1315 105 1368 145 31

36 213 171 242 versa
187 200 371 255 placent
389 201 630 252 exercitia,
651 201 757 255 quia
776 202 868 242 alia
885 203 930 242 in
949 201 1104 254 festis,
1132 203 1224 243 alia
1239 204 1286 243 in
1304 202 1370 245 fe-

36 272 168 313 riatis
201 271 350 327 magis
384 272 568 326 sapiunt
600 271 776 313 diebus.
837 273 949 313 Aliis
974 273 1233 327 indigemus
1258 278 1371 315 tem-

37 353 153 395 pore
176 332 471 394 tentationis,
506 347 552 384 et
585 342 688 383 aliis
712 346 921 396 tempore
954 345 1080 398 pacis
1107 350 1153 386 et
1187 346 1370 400 quietis.

34 412 152 463 Alia,
173 425 273 453 cum
289 413 549 463 tristamur,
568 411 683 453 libet
700 414 923 468 cogitare,
944 420 989 455 et
1007 415 1120 466 alia,
1141 428 1241 456 cum
1258 415 1372 457 laeti

34 484 82 522 in
98 483 299 524 Domino
319 482 556 524 fuerimus.

120 553 160 594 6.
196 553 331 594 Circa
362 553 638 607 principalia
668 552 791 594 festa
820 554 1088 595 renovanda
1120 561 1224 597 sunt
1246 556 1370 597 bona

38 623 260 665 exercitia
288 628 334 665 et
359 622 632 666 Sanctorum
665 622 890 679 suffragia
922 624 1174 667 ferventius
1205 627 1369 680 implo-

35 693 195 736 randa.
255 694 328 736 De
346 693 467 736 festo
478 695 526 735 in
536 693 706 736 festum
716 708 977 749 proponere
989 695 1223 747 debemus,
1238 699 1367 751 quasi

34 770 143 807 tunc
160 765 217 807 de
234 763 324 806 hoc
341 765 527 807 saeculo
547 766 788 819 migraturi
808 770 852 806 et
870 765 928 805 ad
946 772 1182 807 aeternum
1200 767 1371 808 festum

36 836 314 890 perventuri.
374 835 578 889 Ideoque
597 835 797 877 sollicite
822 848 907 876 nos
932 848 1214 890 praeparare
1233 837 1370 879 debe-

37 920 136 948 mus
167 907 215 947 in
247 906 426 948 devotis
459 906 743 960 temporibus
772 910 818 946 et
850 905 1061 947 devotius
1089 910 1369 959 conversari,

38 983 176 1031 atque
196 988 377 1018 omnem
403 976 743 1017 observantiam
761 977 962 1017 strictius
990 977 1246 1029 custodire,
1273 983 1371 1019 tan-

39 1060 174 1102 quam
198 1047 245 1088 in
269 1047 399 1088 brevi
422 1047 676 1100 praemium
710 1046 884 1088 laboris
919 1049 1066 1088 nostri
1092 1060 1119 1088 a
1142 1049 1244 1091 Deo
1270 1062 1372 1103 per-

40 1119 230 1173 cepturi.

120 1192 162 1230 7.
194 1189 254 1230 Et
270 1189 311 1229 si
328 1188 520 1229 dilatum
536 1188 693 1238 fuerit,
715 1189 954 1230 credamus
972 1203 1056 1231 nos
1081 1191 1230 1232 minus
1254 1192 1372 1233 bene

38 1265 343 1315 praeparatos
385 1266 522 1313 atque
555 1258 770 1312 indignos
802 1264 960 1300 tantae
995 1259 1144 1302 adhuc
1175 1261 1371 1316 gloriae,

41 1343 160 1386 quae
174 1330 459 1372 revelabitur
475 1330 522 1368 in
538 1329 670 1369 nobis
688 1334 897 1382 tempore
923 1331 1167 1383 praefinito
1181 1345 1192 1382 3
1221 1338 1267 1373 et
1282 1338 1374 1373 stu-

40 1401 229 1443 deamus
247 1413 331 1441 nos
348 1399 513 1440 melius
533 1398 592 1439 ad
611 1399 782 1439 exitum
807 1413 1103 1455 praeparare.
1161 1402 1201 1442 B
1215 1415 1238 1443 e
1251 1408 1341 1443 atu
1354 1417 1374 1443 s

38 1485 261 1521 servus,
297 1471 361 1511 ait
390 1468 693 1523 Evangelista
725 1470 893 1520 Lucas,
928 1483 1109 1525 quem,
1144 1485 1261 1513 cum
1292 1487 1374 1514 ve-

39 1541 246 1584 neritD
261 1541 499 1590 ominus,
517 1541 808 1581 invenerit
830 1541 1180 1595 vigilantem.
1212 1544 1378 1584 Amen

42 1613 169 1654 (lico
216 1612 405 1662 vobis,
454 1622 626 1663 super
674 1610 860 1651 omnia
904 1612 1053 1652 bona
1099 1625 1201 1653 sua
1249 1627 1377 1654 con-

38 1685 249 1725 stituet
280 1694 414 1724 eum.

131 1829 162 1858 7.
187 1823 275 1857 Luc.
294 1827 346 1863 12,
361 1826 416 1857 43.
433 1828 489 1857 44.
