1530 2517
245 111 507 148 CHRISTI
562 112 671 147 LlB.
703 110 772 146 111.
806 110 924 146 CAP.
960 108 1109 145 21.22.
1263 105 1340 143 121

418 367 680 414 CAPUT
748 366 937 410 XXII.

70 482 140 525 De
175 480 482 524 recordatione
514 479 818 535 multiplicium
844 477 1153 533 beneficiorum
1178 476 1279 519 Dei.

97 626 137 666 1-
169 611 350 683 Aperi,
382 628 603 678 Domine,
640 638 719 667 cor
743 637 892 666 meum
917 626 964 665 in
990 626 1094 680 lege
1120 629 1199 665 tua
1225 629 1270 665 et
1292 625 1339 664 in

14 701 273 753 praeceptis
289 701 381 741 tuis
400 701 515 742 doce
541 713 613 741 me
638 698 886 739 ambulare.
946 699 1019 739 Da
1044 698 1156 740 mihi
1171 699 1338 739 intelli-

14 781 125 822 gere
151 770 435 812 voluntatem
460 775 586 811 tuam
613 774 658 810 et
683 781 781 809 cum
808 781 975 823 magna
998 770 1260 810 reverentia
1288 781 1341 808 ac

17 839 228 894 diligenti
246 841 616 882 consideratione
627 840 852 881 beneficia
868 844 948 880 tua
964 844 1058 879 tam
1074 840 1120 879 in
1133 838 1343 893 generali

18 922 153 964 quam
177 911 225 950 in
250 911 443 964 speciali
466 911 735 960 memorari,
762 914 812 950 ut
829 910 966 964 digne
983 910 1068 950 tibi
1088 907 1250 950 exhinc
1267 921 1342 949 va-

17 979 138 1020 leam
162 982 337 1035 gratias
360 980 555 1032 referre.
614 980 787 1022 Verum
805 981 900 1021 scio
922 984 968 1020 et
985 980 1231 1029 confiteor,
1260 991 1342 1019 nec

17 1062 99 1103 pro
118 1051 304 1092 minimo
317 1056 484 1105 puncto
496 1064 568 1092 me
578 1063 717 1105 posse
729 1050 908 1091 debitas
920 1051 1174 1104 gratiarum
1183 1048 1344 1089 laudes

17 1120 300 1174 persolvere.
358 1121 513 1161 Minor
552 1132 640 1174 ego
682 1132 782 1161 sum
823 1120 1030 1161 omnibus
1062 1120 1196 1161 bonis
1234 1117 1347 1159 mihi

17 1190 277 1244 praestitis,
306 1195 352 1231 et
377 1203 477 1230 cum
494 1194 620 1229 tuam
644 1190 935 1231 nobilitatem
953 1190 1165 1241 attendo,
1193 1189 1348 1231 deficit

19 1272 130 1314 prae
147 1260 462 1314 magnitudine
480 1261 604 1301 illius
622 1261 810 1314 spiritus
827 1273 970 1301 meus.

104 1332 144 1371 2.
179 1331 362 1381 Omnia,
390 1343 506 1384 quae
523 1331 569 1370 in
588 1332 739 1372 anima
755 1330 975 1372 habemus
995 1336 1041 1372 et
1060 1342 1275 1384 corpore,
1304 1334 1350 1370 et

20 1412 319 1455 quaecunque
354 1401 556 1442 exterius
588 1401 662 1442 vel
700 1402 913 1452 interius,
961 1400 1236 1440 naturaliter
1273 1399 1349 1440 vel

19 1470 434 1524 supernaturaliter
448 1470 738 1524 possidemus
750 1502 761 1521 ,
779 1476 860 1511 tua
878 1475 982 1511 sunt
995 1470 1220 1511 beneficia
1240 1473 1285 1510 et
1301 1473 1347 1510 te

18 1541 289 1592 beneficum,
308 1542 434 1594 pium
453 1553 507 1582 ac
522 1542 692 1582 bonum
711 1540 1052 1590 commendant,
1073 1552 1099 1580 a
1117 1552 1206 1594 quo
1224 1539 1347 1581 bona

20 1615 184 1652 cuncta
202 1612 475 1665 accepimus.
535 1612 637 1652 Etsi
662 1611 779 1651 alius
803 1611 960 1664 plura,
988 1610 1104 1651 alius
1123 1610 1347 1664 pauciora

20 1682 212 1734 accepit,
227 1682 381 1722 omnia
390 1686 546 1722 tamen
554 1685 635 1722 tua
647 1685 764 1732 sunt,
779 1685 825 1722 et
840 1681 994 1722 sinete
1012 1693 1096 1721 nec
1111 1681 1346 1721 minimum

19 1755 174 1804 potest
190 1749 365 1792 haberi.
424 1752 531 1802 Ille,
560 1751 637 1806 qui
660 1751 841 1805 majora
860 1751 1057 1804 accepit,
1082 1763 1174 1791 non
1190 1755 1347 1804 potest

16 1821 181 1862 merito
201 1834 285 1862 suo
305 1821 499 1876 gloriari
513 1834 663 1875 neque
688 1834 826 1875 super
850 1821 967 1862 alios
987 1821 1147 1862 extolli
1162 1833 1249 1862 nec
1263 1821 1344 1860 mi-

18 1891 122 1932 nori
151 1891 396 1932 insultare:
436 1892 544 1946 quia
573 1891 652 1932 ille
683 1893 835 1946 major
867 1896 913 1932 et
942 1892 1129 1942 melior,
1156 1892 1234 1946 qui
1258 1891 1343 1931 sibi

19 1962 167 2002 minus
194 1961 415 2002 adscribit
441 1966 487 2003 et
501 1961 548 2001 in
571 1961 869 2016 regratiando
888 1959 1105 2015 humilior
1122 1965 1193 2002 est
1209 1965 1345 2015 atque

21 2031 247 2073 devotior.
306 2032 367 2072 Et
393 2033 469 2086 qui
496 2032 704 2073 omnibus
729 2033 941 2074 viliorem
966 2045 1015 2077 se
1044 2032 1276 2073 existimat
1303 2034 1349 2071 et

19 2101 328 2156 indigniorem
359 2116 409 2144 se
437 2103 638 2157 judicat,
673 2103 826 2157 aptior
858 2106 928 2144 est
959 2101 1015 2144 ad
1051 2100 1348 2157 percipienda

20 2172 212 2226 majora.

106 2242 145 2283 3.
181 2243 267 2294 Qui
296 2250 448 2286 autem
473 2245 694 2299 pauciora
729 2246 929 2299 accepit,
965 2243 1224 2286 contristari
1257 2254 1347 2282 non
