1530 2517
139 156 170 186 x
513 141 717 180 INDEX
745 142 1071 181 LIBRORUM

1362 222 1457 265 Pag.

141 287 234 332 Cap.
252 284 353 319 LVI.
380 285 487 323 Quod
511 295 579 318 nos
601 285 706 328 ipsos
731 283 915 325 abnegare
941 285 979 317 et
1005 282 1191 316 Christum
1223 283 1366 316 imitari

450 345 626 379 debemus
643 355 712 389 per
728 355 871 377 crucem
918 368 1343 378 ........
1393 345 1458 377 187

162 434 185 450 ‚,
234 407 358 442 LVII.
385 406 492 446 Quod
517 404 625 439 homo
648 416 723 438 non
748 404 799 438 sit
821 404 932 437 nimis
952 403 1138 446 dejectus,
1164 403 1313 447 quando
1328 404 1369 436 in

458 464 605 510 aliquos
621 463 761 498 labitur
779 463 950 497 defectus
976 487 1343 498 .......
1394 465 1459 496 189

162 554 185 570 ,‚
212 527 355 561 LVIII.
381 527 440 561 De
459 524 653 558 altioribus
670 525 781 558 rebus
805 526 844 558 et
860 522 1185 566 occultisjudiciis
1203 523 1279 557 Dei
1295 534 1368 556 non

460 585 671 619 scrutandis
738 608 1344 620 ...........
1393 585 1459 617 191

177 675 185 690 ,
250 646 356 682 LIX.
385 647 490 687 Quod
516 647 634 680 omnis
659 655 747 689 spes
772 647 811 679 et
833 644 970 678 fiducia
991 645 1031 677 in
1051 642 1131 678 solo
1149 643 1231 677 Deo
1250 646 1308 677 est
1325 643 1368 676 fi-

482 707 603 749 genda
618 727 1343 741 .............
1393 706 1457 738 195

513 1048 559 1098 L
603 1047 628 1097 I
673 1047 716 1099 B
760 1048 804 1098 E
847 1047 893 1098 R
974 1046 1084 1099 IV.

596 1172 666 1214 De
708 1181 1000 1216 sacramento.

146 1296 237 1342 Cap.
325 1297 357 1332 1.
386 1297 474 1332 Cum
517 1301 655 1343 quanta
693 1301 907 1334 reverentia
947 1297 1119 1332 Christus
1159 1299 1210 1332 sit
1249 1298 1363 1332 susci-

453 1359 615 1403 piendus
673 1383 1340 1396 ............
1390 1360 1454 1392 199

303 1417 354 1452 Π.
382 1419 488 1458 Quod
520 1429 654 1461 magna
678 1419 827 1454 bonitas
852 1421 890 1453 et
914 1419 1052 1453 caritas
1077 1417 1150 1452 Dei
1173 1418 1213 1452 in
1238 1428 1362 1452 sacra-

451 1481 576 1513 mento
594 1479 734 1514 homini
751 1479 955 1515 exhibetur
969 1503 1336 1514 .......
1386 1481 1455 1512 204

274 1537 346 1572 ΙΙΙ.
375 1540 482 1577 Quod
499 1538 591 1574 utile
610 1540 661 1573 sit
678 1551 791 1585 saepe
807 1539 1077 1574 communicare
1087 1563 1336 1574 .....
1384 1541 1451 1572 207

280 1599 349 1633 IV.
378 1599 484 1639 Quod
507 1599 625 1634 multa
649 1600 748 1634 bona
769 1602 1013 1645 praestantur
1036 1599 1167 1633 devote
1201 1610 1360 1633 commu-

450 1659 663 1694 nicantibus
727 1683 1336 1697 ...........
1383 1663 1452 1694 210

297 1718 346 1754 V.
372 1719 430 1753 De
451 1720 630 1762 dignitate
649 1721 874 1756 sacramenti
892 1723 930 1755 et
947 1722 1048 1755 statu
1064 1718 1295 1754 sacerdotali
1326 1745 1336 1755 .
1384 1723 1453 1754 213

277 1779 347 1814 VI.
372 1780 622 1823 Interrogatio
642 1780 687 1814 de
705 1782 889 1816 exercitio
907 1784 993 1816 ante
1011 1778 1302 1815 communionem
1325 1807 1336 1817 .
1384 1784 1451 1816 215

258 1839 348 1875 VII.
375 1840 433 1874 De
453 1841 682 1875 discussione
700 1841 879 1886 propriae
904 1840 1155 1876 conscientiae
1180 1845 1218 1876 et
1237 1853 1360 1876 emen-

452 1901 615 1935 dationis
634 1902 831 1946 proposito
848 1925 1337 1937 .........
1384 1905 1452 1938 216

154 1983 179 2000 ,,
240 1959 351 1994 VIH.
378 1960 436 1995 De
461 1959 650 1996 oblatione
676 1961 817 1995 Christi
849 1961 888 1996 in
922 1973 1030 1996 cruce
1055 1965 1094 1996 et
1116 1963 1272 2008 propria
1301 1974 1362 1998 re-

452 2022 663 2064 signatione
728 2046 1338 2059 ...........
1385 2027 1453 2059 218

154 2103 179 2122 ,,
277 2080 352 2116 IX.
378 2081 485 2121 Quod
501 2092 570 2115 nos
587 2085 625 2115 et
642 2081 764 2115 omnia
782 2084 912 2115 nostra
929 2082 1011 2116 Deo
1031 2082 1205 2117 debemus
1223 2084 1359 2118 offerre

451 2143 491 2175 et
506 2152 575 2186 pro
594 2143 764 2176 omnibus
783 2152 889 2176 orare
909 2168 1336 2180 ........
1384 2148 1452 2179 220

156 2223 181 2241 ,,
298 2198 352 2236 X.
380 2201 487 2240 Quod
511 2212 618 2236 sacra
643 2203 845 2237 communio
873 2203 917 2237 de
942 2202 1051 2238 facili
1075 2214 1150 2238 non
1174 2207 1232 2239 est
1247 2203 1361 2238 relin-

453 2263 600 2306 quenda
613 2285 1336 2299 .............
1384 2267 1451 2299 222
