1530 2517
135 129 188 170 34
540 129 624 165 DE
653 128 1056 165 IMITATIONE

138 233 183 270 et
200 226 487 275 custodieris,
505 225 592 265 erit
607 224 691 265 tibi
706 227 871 278 postea
882 223 1051 265 dilecta
1069 225 1216 266 amica
1234 229 1278 267 et
1294 226 1458 280 gratis-

137 300 299 340 simum
315 296 544 337 solatium.

219 369 258 409 6.
288 367 340 408 In
357 365 539 407 silentio
575 369 621 406 et
646 365 797 419 quiete
830 365 1013 418 proficit
1037 366 1188 406 anima
1221 365 1389 406 devota
1414 376 1458 407 et

139 439 273 480 discit
298 435 567 486 abscondita
593 437 935 488 scripturarum.
995 436 1064 476 Ibi
1088 436 1262 476 invenit
1286 435 1458 476 fluenta

134 511 453 563 laerymarum,
468 507 627 560 quibus
640 505 831 559 singulis
847 506 1057 546 noctibus
1076 519 1124 546 se
1135 505 1260 545 lavat
1278 511 1324 546 et
1331 518 1456 545 mun-

135 580 234 629 det,
260 582 311 618 ut
336 576 564 618 conditori
587 588 669 616 suo
695 579 823 616 tanto
849 574 1125 616 familiarior
1150 576 1250 626 fiat,
1287 582 1455 630 quanto
1522 599 1525 624 ;

132 650 315 704 longius
343 648 397 688 ab
425 646 547 687 omni
571 645 800 687 saeculari
822 645 1017 686 tumultu
1035 645 1174 700 degit.
1237 647 1325 696 Qui
1344 659 1454 701 ergo
1522 635 1530 702 ’-

134 734 183 762 se
203 717 428 760 abstrahit
445 730 472 757 a
487 717 608 758 notis
628 720 674 757 et
691 715 863 766 amicis,
884 716 1221 769 approximabit
1239 717 1306 757 illi
1328 717 1455 758 Deus

136 803 235 831 cum
252 789 437 843 Angelis
455 788 640 829 sanctis.
699 786 869 827 Melius
889 790 960 827 est
976 786 1122 827 latere
1150 791 1196 828 et
1212 787 1283 827 sui
1301 799 1456 827 euram
1525 784 1530 804 ·“

135 872 291 916 agere,
312 872 446 913 quam
476 871 526 899 se
557 856 770 911 neglecto
805 857 937 910 signa
968 855 1140 898 facere.
1199 856 1457 898 Laudabile

138 937 207 973 est
237 929 411 971 homini
439 928 663 983 religioso
695 939 803 968 raro
837 926 965 973 foras
991 928 1074 978 ire,
1109 926 1271 981 fugere
1295 927 1456 977 videri,

134 1000 258 1041 nolle
277 999 414 1040 etiam
432 997 638 1039 homines
656 996 827 1038 videre.

218 1086 259 1124 7.
294 1083 414 1133 Quid
458 1083 526 1124 vis
571 1080 752 1131 videre,
810 1081 932 1136 quod
977 1094 1069 1122 non
1113 1081 1223 1123 licet
1261 1080 1461 1123 habereit

138 1155 373 1195 Transit
417 1152 646 1193 mundus
696 1144 749 1192 et
803 1151 1274 1204 concupiscentia
1323 1152 1458 1205 ejus.

138 1220 347 1265 Trahunt
372 1223 602 1264 desideria
620 1220 932 1263 sensualitatis
960 1221 1017 1260 ad
1035 1220 1345 1274 spatiandum3
1379 1221 1463 1262 sed

141 1308 243 1335 cum
259 1293 375 1335 hora
398 1293 654 1343 transierit,
683 1291 791 1346 quid
815 1291 904 1331 nisi
928 1291 1203 1344 gravitatem
1228 1292 1461 1332 conscien-

137 1365 231 1405 tiae
252 1369 298 1405 et
314 1364 465 1406 cordis
485 1362 818 1416 dispersionem
839 1359 1080 1414 reportas?
1114 1362 1287 1403 Laetus
1314 1362 1462 1403 exitus

136 1435 317 1475 tristem
333 1446 472 1487 saepe
488 1433 687 1474 reditum
703 1433 845 1486 parit,
878 1436 923 1472 et
938 1431 1063 1472 laeta
1079 1432 1241 1485 vigilia
1257 1422 1464 1472 serotina

136 1506 269 1546 triste
286 1517 419 1546 mane
438 1503 563 1544 facit.
624 1502 701 1544 Sic
718 1514 850 1542 omne
871 1501 1053 1542 carnale
1067 1501 1285 1555 gaudium
1294 1502 1464 1544 blande

136 1577 293 1625 intrat,
327 1574 410 1615 sed
439 1575 486 1614 in
517 1573 606 1613 fine
638 1572 820 1613 mordet
853 1576 899 1613 et
920 1572 1116 1625 perimit.
1179 1571 1299 1621 Quid
1329 1577 1463 1626 potes

141 1645 252 1685 alibi
281 1644 455 1695 videre,
490 1643 612 1698 quod
644 1641 717 1683 hie
747 1655 840 1683 non
868 1640 1024 1683 vides‘.l
1054 1642 1174 1683 Ecce
1209 1642 1389 1682 coelum
1422 1647 1468 1683 et

139 1719 264 1756 terra
291 1719 337 1756 et
362 1715 514 1755 omnia
547 1714 794 1764 elementa3
833 1724 938 1752 nam
958 1723 1015 1752 ex
1043 1712 1144 1752 istis
1179 1712 1332 1752 omnia
1364 1717 1468 1753 sunt

140 1784 279 1825 facta.

227 1857 267 1896 8.
303 1855 423 1904 Quid
439 1858 573 1908 potes
593 1853 761 1894 alicubi
776 1852 956 1904 videre,
977 1851 1100 1907 quod
1118 1851 1195 1893 diu
1210 1856 1367 1906 potest
1384 1852 1466 1893 sub

145 1925 245 1966 sole
271 1922 568 1979 permanere‘}
596 1924 756 1965 Credis
780 1927 826 1964 te
852 1922 1049 1965 forsitan
1066 1923 1249 1973 satiari,
1277 1922 1359 1963 sed
1375 1935 1469 1963 non

144 1995 320 2048 poteris
352 1995 630 2049 pertingere.
699 1993 748 2037 Si
781 1997 943 2034 cuncta
973 1992 1155 2033 videres
1187 1993 1467 2046 praesentia,

147 2064 256 2118 quid
275 2069 397 2106 esset
411 2065 501 2106 nisi
515 2066 631 2106 visio
651 2062 792 2105 vana‘}
809 2064 937 2104 Leva
955 2062 1113 2103 oculos
1130 2066 1234 2103 tuos
1253 2062 1470 2104 adDeum

145 2133 193 2173 in
213 2130 428 2185 excelsis,
458 2140 504 2175 et
529 2147 611 2176 ora
635 2147 718 2188 pro
744 2133 945 2188 peccatis
970 2133 1060 2173 tuis
1088 2135 1134 2173 et
1157 2132 1467 2187 negligentiis.

235 2276 267 2306 7.
293 2276 307 2306 1
338 2272 470 2306 Joann.
487 2277 519 2312 2,
536 2276 584 2307 17.
