1530 2517
309 154 570 191 CHRISTI
632 155 737 190 ιιι-ι.
769 155 826 189 11.
861 156 982 190 (JAP.
1017 157 1053 191 5.
1073 157 1110 190 6.
1318 154 1370 194 61

45 252 328 293 conscientia
345 263 526 304 semper
543 249 703 290 timida
722 255 792 291 est
809 256 854 291 et
877 251 1096 305 inquieta.
1159 251 1371 293 Suaviter

43 323 330 376 requiesces,
357 321 397 361 si
422 333 502 362 cor
518 326 644 361 tuum
661 328 707 361 te
733 333 824 361 non
839 319 1201 374 reprehenderit.
1262 322 1370 364 Noli

46 392 223 442 laetari,
235 391 320 432 nisi
341 404 441 431 cum
457 390 761 432 benefeceris.
823 391 938 432 Mali
956 403 1184 445 nunquam
1203 390 1373 433 habent

45 474 198 503 veram
216 461 439 502 laetitiam
463 475 548 503 nec
571 462 797 503 internam
823 462 1023 502 sentiunt
1050 474 1230 515 pacem,
1265 465 1373 517 quia

45 544 152 572 non
192 536 280 573 est
320 544 427 586 pax
463 532 681 585 impiis,
723 531 866 572 dicit
904 533 1189 573 Dominus.
1249 533 1309 574 Et
1333 534 1374 574 si

45 601 263 642 dixerint:
282 602 332 643 In
348 614 463 656 pace
481 616 651 652 sumus,
670 615 761 642 non
778 602 962 643 venient
978 615 1116 656 super
1133 616 1216 643 nos
1233 604 1371 653 mala,

46 677 91 712 et
108 672 208 726 quis
225 673 357 714 nobis
375 686 542 714 nocere
563 670 774 713 audebit'.l
792 685 848 713 ne
868 672 1029 713 credas
1050 674 1136 714 eise
1158 674 1373 727 quoniam

43 748 232 796 repente
266 749 483 797 exsurget
513 745 583 783 ira
613 743 700 784 Dei
737 746 783 783 et
805 743 851 782 in
883 741 1073 782 nihilum
1105 743 1374 797 redigentur

46 819 172 854 actus
193 826 365 865 eorum,
386 818 432 855 et
449 813 754 867 cogitationes
773 825 932 853 eorum
949 814 1173 866 peribunt.

128 900 168 938 2.
203 897 455 948 Gloriari
498 897 552 936 in
592 896 978 937 tribulatione
1010 909 1101 937 non
1138 902 1207 937 est
1231 909 1372 951 grave

44 969 238 1017 amanti3
271 970 338 1009 sic
364 968 483 1008 enim
507 967 702 1021 gloriari
728 972 798 1008 est
829 966 1080 1020 gloriari
1119 968 1173 1007 in
1206 980 1372 1008 cruce

44 1039 283 1080 Domini.
342 1038 505 1079 Brevis
523 1037 697 1091 gloria,
726 1048 843 1091 quae
870 1036 926 1078 ab
953 1035 1212 1078 hominibus
1238 1037 1375 1077 datur

44 1116 90 1150 et
108 1110 342 1163 accipitur.
401 1107 564 1148 Mundi
596 1107 794 1161 gloriam
820 1120 1002 1162 semper
1027 1108 1271 1149 comitatur
1293 1108 1372 1147 tri-

42 1180 182 1220 stitia.
243 1179 479 1220 Bonorum
511 1178 663 1232 gloria
693 1179 739 1218 in
774 1179 1068 1220 conscientiis
1110 1190 1292 1228 eorum,
1327 1185 1373 1219 et

41 1262 131 1290 non
148 1250 194 1290 in
214 1261 294 1290 ore
312 1248 559 1289 hominum.
618 1250 854 1290 Justorum
871 1249 1051 1290 laetitia
1067 1247 1124 1289 de
1140 1248 1243 1289 Deo
1265 1250 1371 1289 etin

41 1320 144 1361 Deo
166 1325 257 1369 est,
286 1324 332 1360 et
348 1318 567 1373 gaudium
587 1331 746 1359 eorum
765 1318 821 1359 de
839 1319 1049 1360 veritate.
1112 1318 1201 1368 Qui
1216 1331 1373 1359 veram

44 1395 91 1430 et
101 1394 334 1430 aeternam
344 1389 541 1443 gloriam
551 1388 799 1438 desiderat,
810 1392 931 1442 temp
939 1388 1114 1430 oralem
1123 1401 1214 1429 non
1228 1398 1369 1430 curat.

41 1460 101 1500 Et
118 1460 194 1513 qui
210 1460 511 1513 temporalem
526 1459 722 1513 requirit
740 1458 937 1512 gloriam
955 1463 1132 1499 autnon
1146 1471 1203 1500 ex
1220 1461 1370 1500 animo

43 1530 316 1579 contemnit,
371 1530 520 1569 minus
568 1541 723 1569 amare
773 1529 1058 1569 convincitur
1105 1530 1369 1570 coelestem.

40 1601 258 1654 Magnam
275 1598 415 1641 habet
432 1599 584 1640 cordis
600 1598 996 1652 tranquillitatem,
1017 1601 1090 1653 qui
1109 1613 1194 1641 nec
1209 1600 1371 1641 laudes

43 1676 173 1712 curat
188 1683 273 1712 nec
288 1670 532 1723 vituperia.

127 1741 166 1781 3.
198 1740 356 1781 Facile
391 1741 479 1781 erit
510 1744 752 1781 contentus
787 1747 833 1780 et
863 1744 1069 1793 pacatus,
1104 1741 1232 1794 cujus
1267 1753 1371 1781 con-

45 1812 240 1852 scientia
271 1810 440 1851 munda
473 1816 556 1851 est.
615 1809 721 1851 Non
748 1821 797 1850 es
829 1810 1046 1860 sanctior,
1080 1811 1120 1851 si
1150 1810 1370 1860 laudaris,

43 1894 127 1923 nec
141 1882 291 1931 vilior,
309 1881 349 1922 si
365 1880 653 1934 vituperaris.
717 1880 853 1930 Quod
871 1894 934 1932 es,
947 1879 1035 1922 hoc
1046 1893 1207 1932 eS,nec
1222 1882 1372 1934 major

43 1952 132 1993 dici
163 1951 312 2001 vales,
347 1962 483 2004 quam
514 1951 616 1992 Deo
649 1955 768 1992 teste
794 1952 871 1992 sis.
934 1950 984 1992 Si
1016 1951 1229 2001 attendis,
1264 1951 1372 2005 quid

43 2021 164 2075 apud
180 2026 226 2062 te
243 2022 306 2062 sis
323 2021 469 2071 intus,
495 2033 586 2061 non
613 2022 818 2071 curabis,
846 2022 954 2075 quid
978 2021 1035 2062 de
1051 2027 1098 2062 te
1125 2021 1372 2075 loquantur

43 2091 263 2133 homines.
329 2092 502 2131 Homo
535 2090 775 2132 videtin
808 2090 983 2142 facie,
1009 2091 1161 2133 Deus
1189 2096 1370 2131 autem

44 2163 53 2200 i
68 2176 93 2201 n
128 2175 152 2202 c
164 2174 189 2203 ο
201 2161 260 2202 rd
274 2174 312 2202 e.
372 2162 527 2202 Homo
548 2161 811 2202 considerat
827 2166 970 2212 actus,
989 2162 1117 2204 Deus
1134 2174 1243 2202 vero
1262 2173 1368 2213 pen-

128 2304 156 2332 1.
175 2300 252 2332 jes.
269 2305 322 2338 57,
337 2303 389 2333 21.
407 2319 449 2325 —-
463 2304 495 2333 2.
513 2300 616 2334 Rom.
634 2306 666 2340 5,
682 2305 712 2336 3.
733 2300 853 2334 Galat.
872 2306 902 2340 6,
920 2305 1063 2335 vrb—3.
1081 2305 1099 2334 1
1128 2301 1223 2334 Sam.
1242 2304 1292 2338 16,
1306 2305 1337 2333 7.
