<?xml version="1.0" encoding="UTF-8"?>
<!DOCTYPE html PUBLIC "-//W3C//DTD XHTML 1.0 Transitional//EN"
    "http://www.w3.org/TR/xhtml1/DTD/xhtml1-transitional.dtd">
<html xmlns="http://www.w3.org/1999/xhtml" xml:lang="en" lang="en">
 <head>
  <title>
</title>
<meta http-equiv="Content-Type" content="text/html;charset=utf-8" />
  <meta name='ocr-system' content='tesseract 3.04.00' />
  <meta name='ocr-capabilities' content='ocr_page ocr_carea ocr_par ocr_line ocrx_word'/>
</head>
<body>
  <div class='ocr_page' id='page_1' title='image "./thomaekempisde00thom_0218.png"; bbox 0 0 1530 2517; ppageno 0'>
   <div class='ocr_carea' id='block_1_1' title="bbox 169 107 1077 145">
    <p class='ocr_par' dir='ltr' id='par_1_1' title="bbox 169 107 1077 145">
     <span class='ocr_line' id='line_1_1' title="bbox 169 107 1077 145; baseline -0.002 0"><span class='ocrx_word' id='word_1_1' title='bbox 169 107 250 145; x_wconf 81' lang='lat'>202</span> <span class='ocrx_word' id='word_1_2' title='bbox 567 107 648 143; x_wconf 92' lang='lat' dir='ltr'>DE</span> <span class='ocrx_word' id='word_1_3' title='bbox 678 107 1077 144; x_wconf 87' lang='lat' dir='ltr'>IMITATIONE</span> 
     </span>
    </p>
   </div>
   <div class='ocr_carea' id='block_1_2' title="bbox 165 202 1494 2291">
    <p class='ocr_par' dir='ltr' id='par_1_2' title="bbox 167 202 1490 537">
     <span class='ocr_line' id='line_1_2' title="bbox 172 202 1488 258; baseline -0.001 -11"><span class='ocrx_word' id='word_1_4' title='bbox 172 204 221 247; x_wconf 89' lang='lat' dir='ltr'>Si</span> <span class='ocrx_word' id='word_1_5' title='bbox 238 208 365 244; x_wconf 90' lang='lat' dir='ltr'>tanta</span> <span class='ocrx_word' id='word_1_6' title='bbox 383 204 606 258; x_wconf 77' lang='lat' dir='ltr'>agebatur</span> <span class='ocrx_word' id='word_1_7' title='bbox 624 207 732 245; x_wconf 92' lang='lat' dir='ltr'>tunc</span> <span class='ocrx_word' id='word_1_8' title='bbox 749 202 934 245; x_wconf 82' lang='lat' dir='ltr'>devotio</span> <span class='ocrx_word' id='word_1_9' title='bbox 962 215 1017 244; x_wconf 89' lang='lat' dir='ltr'>ac</span> <span class='ocrx_word' id='word_1_10' title='bbox 1040 202 1220 245; x_wconf 85' lang='lat' dir='ltr'>divinae</span> <span class='ocrx_word' id='word_1_11' title='bbox 1236 203 1386 246; x_wconf 89' lang='lat' dir='ltr'>laudis</span> <span class='ocrx_word' id='word_1_12' title='bbox 1414 218 1488 246; x_wconf 44' lang='lat' dir='ltr'>ex*</span> 
     </span>
     <span class='ocr_line' id='line_1_3' title="bbox 170 273 1489 329; baseline 0.002 -15"><span class='ocrx_word' id='word_1_13' title='bbox 170 274 287 315; x_wconf 83' lang='lat' dir='ltr'>stitit</span> <span class='ocrx_word' id='word_1_14' title='bbox 300 273 563 314; x_wconf 79' lang='lat' dir='ltr'>recordatio</span> <span class='ocrx_word' id='word_1_15' title='bbox 584 285 739 315; x_wconf 92' lang='lat' dir='ltr'>coram</span> <span class='ocrx_word' id='word_1_16' title='bbox 757 285 865 315; x_wconf 86' lang='lat' dir='ltr'>arca</span> <span class='ocrx_word' id='word_1_17' title='bbox 880 274 1158 324; x_wconf 79' lang='lat' dir='ltr'>testamenti,</span> <span class='ocrx_word' id='word_1_18' title='bbox 1187 281 1356 329; x_wconf 87' lang='lat' dir='ltr'>quanta</span> <span class='ocrx_word' id='word_1_19' title='bbox 1371 288 1489 317; x_wconf 87' lang='lat' dir='ltr'>nunc</span> 
     </span>
     <span class='ocr_line' id='line_1_4' title="bbox 167 341 1487 397; baseline 0 -13"><span class='ocrx_word' id='word_1_20' title='bbox 167 342 277 384; x_wconf 87' lang='lat' dir='ltr'>mihi</span> <span class='ocrx_word' id='word_1_21' title='bbox 296 347 343 385; x_wconf 92' lang='lat' dir='ltr'>et</span> <span class='ocrx_word' id='word_1_22' title='bbox 359 344 482 384; x_wconf 86' lang='lat' dir='ltr'>omni</span> <span class='ocrx_word' id='word_1_23' title='bbox 497 342 668 397; x_wconf 86' lang='lat' dir='ltr'>populo</span> <span class='ocrx_word' id='word_1_24' title='bbox 686 341 945 384; x_wconf 86' lang='lat' dir='ltr'>Christiano</span> <span class='ocrx_word' id='word_1_25' title='bbox 963 341 1177 384; x_wconf 86' lang='lat' dir='ltr'>habenda</span> <span class='ocrx_word' id='word_1_26' title='bbox 1195 348 1264 386; x_wconf 81' lang='lat' dir='ltr'>est</span> <span class='ocrx_word' id='word_1_27' title='bbox 1275 357 1487 386; x_wconf 87' lang='lat' dir='ltr'>reveren-</span> 
     </span>
     <span class='ocr_line' id='line_1_5' title="bbox 168 413 1490 467; baseline 0.002 -13"><span class='ocrx_word' id='word_1_28' title='bbox 168 415 236 454; x_wconf 88' lang='lat' dir='ltr'>tia</span> <span class='ocrx_word' id='word_1_29' title='bbox 253 418 300 455; x_wconf 89' lang='lat' dir='ltr'>et</span> <span class='ocrx_word' id='word_1_30' title='bbox 317 413 501 454; x_wconf 87' lang='lat' dir='ltr'>devotio</span> <span class='ocrx_word' id='word_1_31' title='bbox 519 414 566 453; x_wconf 92' lang='lat' dir='ltr'>in</span> <span class='ocrx_word' id='word_1_32' title='bbox 583 414 847 467; x_wconf 89' lang='lat' dir='ltr'>praesentia</span> <span class='ocrx_word' id='word_1_33' title='bbox 866 415 1164 465; x_wconf 84' lang='lat' dir='ltr'>sacramenti,</span> <span class='ocrx_word' id='word_1_34' title='bbox 1190 414 1238 455; x_wconf 91' lang='lat' dir='ltr'>in</span> <span class='ocrx_word' id='word_1_35' title='bbox 1264 415 1490 456; x_wconf 90' lang='lat' dir='ltr'>sumtione</span> 
     </span>
     <span class='ocr_line' id='line_1_6' title="bbox 171 479 974 537; baseline -0.002 -12"><span class='ocrx_word' id='word_1_36' title='bbox 171 483 546 534; x_wconf 81' lang='lat' dir='ltr'>excellentissimi</span> <span class='ocrx_word' id='word_1_37' title='bbox 563 483 771 537; x_wconf 89' lang='lat' dir='ltr'>corporis</span> <span class='ocrx_word' id='word_1_38' title='bbox 783 479 974 524; x_wconf 77' lang='lat' dir='ltr'>Christi.</span> 
     </span>
    </p>

    <p class='ocr_par' dir='ltr' id='par_1_3' title="bbox 165 551 1494 1660">
     <span class='ocr_line' id='line_1_7' title="bbox 252 551 1490 607; baseline 0.001 -13"><span class='ocrx_word' id='word_1_39' title='bbox 252 553 291 594; x_wconf 88' lang='lat'>9.</span> <span class='ocrx_word' id='word_1_40' title='bbox 326 554 524 595; x_wconf 86' lang='lat' dir='ltr'>Currunt</span> <span class='ocrx_word' id='word_1_41' title='bbox 553 553 686 594; x_wconf 93' lang='lat' dir='ltr'>multi</span> <span class='ocrx_word' id='word_1_42' title='bbox 717 551 776 593; x_wconf 88' lang='lat' dir='ltr'>ad</span> <span class='ocrx_word' id='word_1_43' title='bbox 809 552 992 594; x_wconf 85' lang='lat' dir='ltr'>diversa</span> <span class='ocrx_word' id='word_1_44' title='bbox 1016 552 1121 594; x_wconf 90' lang='lat' dir='ltr'>loca</span> <span class='ocrx_word' id='word_1_45' title='bbox 1143 565 1227 607; x_wconf 89' lang='lat' dir='ltr'>pro</span> <span class='ocrx_word' id='word_1_46' title='bbox 1252 553 1490 595; x_wconf 83' lang='lat' dir='ltr'>visitandis</span> 
     </span>
     <span class='ocr_line' id='line_1_8' title="bbox 166 622 1489 678; baseline -0.001 -13"><span class='ocrx_word' id='word_1_47' title='bbox 166 623 375 678; x_wconf 89' lang='lat' dir='ltr'>reliquiis</span> <span class='ocrx_word' id='word_1_48' title='bbox 395 622 689 674; x_wconf 89' lang='lat' dir='ltr'>Sanctorum,</span> <span class='ocrx_word' id='word_1_49' title='bbox 724 627 771 664; x_wconf 87' lang='lat' dir='ltr'>et</span> <span class='ocrx_word' id='word_1_50' title='bbox 799 623 1024 664; x_wconf 89' lang='lat' dir='ltr'>mirantur</span> <span class='ocrx_word' id='word_1_51' title='bbox 1051 623 1219 664; x_wconf 90' lang='lat' dir='ltr'>auditis</span> <span class='ocrx_word' id='word_1_52' title='bbox 1243 623 1387 678; x_wconf 89' lang='lat' dir='ltr'>gestis</span> <span class='ocrx_word' id='word_1_53' title='bbox 1414 636 1489 664; x_wconf 91' lang='lat' dir='ltr'>eo-</span> 
     </span>
     <span class='ocr_line' id='line_1_9' title="bbox 165 692 1489 748; baseline -0.001 -14"><span class='ocrx_word' id='word_1_54' title='bbox 165 706 288 744; x_wconf 84' lang='lat' dir='ltr'>rum3</span> <span class='ocrx_word' id='word_1_55' title='bbox 321 693 473 748; x_wconf 89' lang='lat' dir='ltr'>ampla</span> <span class='ocrx_word' id='word_1_56' title='bbox 490 692 703 734; x_wconf 86' lang='lat' dir='ltr'>aedificia</span> <span class='ocrx_word' id='word_1_57' title='bbox 717 693 992 748; x_wconf 88' lang='lat' dir='ltr'>templorum</span> <span class='ocrx_word' id='word_1_58' title='bbox 1008 693 1268 747; x_wconf 89' lang='lat' dir='ltr'>inspiciunt,</span> <span class='ocrx_word' id='word_1_59' title='bbox 1298 698 1343 734; x_wconf 88' lang='lat' dir='ltr'>et</span> <span class='ocrx_word' id='word_1_60' title='bbox 1360 706 1489 735; x_wconf 86' lang='lat' dir='ltr'>oseu-</span> 
     </span>
     <span class='ocr_line' id='line_1_10' title="bbox 165 763 1487 817; baseline 0 -13"><span class='ocrx_word' id='word_1_61' title='bbox 165 764 320 805; x_wconf 84' lang='lat' dir='ltr'>lantur</span> <span class='ocrx_word' id='word_1_62' title='bbox 349 764 511 806; x_wconf 85' lang='lat' dir='ltr'>sericis</span> <span class='ocrx_word' id='word_1_63' title='bbox 537 768 583 806; x_wconf 91' lang='lat' dir='ltr'>et</span> <span class='ocrx_word' id='word_1_64' title='bbox 607 776 720 805; x_wconf 87' lang='lat' dir='ltr'>auro</span> <span class='ocrx_word' id='word_1_65' title='bbox 745 763 954 804; x_wconf 88' lang='lat' dir='ltr'>involuta</span> <span class='ocrx_word' id='word_1_66' title='bbox 979 776 1112 804; x_wconf 88' lang='lat' dir='ltr'>sacra</span> <span class='ocrx_word' id='word_1_67' title='bbox 1138 776 1245 804; x_wconf 89' lang='lat' dir='ltr'>ossa</span> <span class='ocrx_word' id='word_1_68' title='bbox 1267 764 1487 817; x_wconf 90' lang='lat' dir='ltr'>ipsorum.</span> 
     </span>
     <span class='ocr_line' id='line_1_11' title="bbox 165 831 1488 889; baseline -0.001 -14"><span class='ocrx_word' id='word_1_69' title='bbox 165 834 226 875; x_wconf 92' lang='lat' dir='ltr'>Et</span> <span class='ocrx_word' id='word_1_70' title='bbox 251 847 380 885; x_wconf 88' lang='lat' dir='ltr'>ecce,</span> <span class='ocrx_word' id='word_1_71' title='bbox 405 838 457 875; x_wconf 89' lang='lat' dir='ltr'>tu</span> <span class='ocrx_word' id='word_1_72' title='bbox 479 846 699 889; x_wconf 88' lang='lat' dir='ltr'>praesens</span> <span class='ocrx_word' id='word_1_73' title='bbox 726 846 775 875; x_wconf 83' lang='lat' dir='ltr'>es</span> <span class='ocrx_word' id='word_1_74' title='bbox 800 831 876 876; x_wconf 91' lang='lat' dir='ltr'>hic</span> <span class='ocrx_word' id='word_1_75' title='bbox 901 834 1021 888; x_wconf 89' lang='lat' dir='ltr'>apud</span> <span class='ocrx_word' id='word_1_76' title='bbox 1038 844 1110 874; x_wconf 87' lang='lat' dir='ltr'>me</span> <span class='ocrx_word' id='word_1_77' title='bbox 1126 831 1174 874; x_wconf 85' lang='lat' dir='ltr'>in</span> <span class='ocrx_word' id='word_1_78' title='bbox 1193 833 1342 884; x_wconf 89' lang='lat' dir='ltr'>altari,</span> <span class='ocrx_word' id='word_1_79' title='bbox 1361 834 1488 874; x_wconf 82' lang='lat' dir='ltr'>Deus</span> 
     </span>
     <span class='ocr_line' id='line_1_12' title="bbox 166 899 1489 956; baseline -0.002 -11"><span class='ocrx_word' id='word_1_80' title='bbox 166 917 309 955; x_wconf 91' lang='lat' dir='ltr'>meus,</span> <span class='ocrx_word' id='word_1_81' title='bbox 323 903 517 947; x_wconf 88' lang='lat' dir='ltr'>Sanctus</span> <span class='ocrx_word' id='word_1_82' title='bbox 529 903 815 956; x_wconf 85' lang='lat' dir='ltr'>Sanctorum,</span> <span class='ocrx_word' id='word_1_83' title='bbox 833 908 1017 945; x_wconf 89' lang='lat' dir='ltr'>creator</span> <span class='ocrx_word' id='word_1_84' title='bbox 1032 899 1266 944; x_wconf 87' lang='lat' dir='ltr'>hominum</span> <span class='ocrx_word' id='word_1_85' title='bbox 1285 907 1331 944; x_wconf 86' lang='lat' dir='ltr'>et</span> <span class='ocrx_word' id='word_1_86' title='bbox 1347 903 1489 944; x_wconf 89' lang='lat' dir='ltr'>domi-</span> 
     </span>
     <span class='ocr_line' id='line_1_13' title="bbox 166 971 1490 1030; baseline -0.001 -15"><span class='ocrx_word' id='word_1_87' title='bbox 166 988 249 1016; x_wconf 87' lang='lat' dir='ltr'>nus</span> <span class='ocrx_word' id='word_1_88' title='bbox 266 974 560 1030; x_wconf 85' lang='lat' dir='ltr'>Angelorum.</span> <span class='ocrx_word' id='word_1_89' title='bbox 602 974 750 1028; x_wconf 86' lang='lat' dir='ltr'>Saepe</span> <span class='ocrx_word' id='word_1_90' title='bbox 767 975 815 1015; x_wconf 92' lang='lat' dir='ltr'>in</span> <span class='ocrx_word' id='word_1_91' title='bbox 831 971 1002 1015; x_wconf 86' lang='lat' dir='ltr'>talibus·</span> <span class='ocrx_word' id='word_1_92' title='bbox 1018 973 1227 1015; x_wconf 85' lang='lat' dir='ltr'>videndis</span> <span class='ocrx_word' id='word_1_93' title='bbox 1247 974 1490 1015; x_wconf 88' lang='lat' dir='ltr'>curiositas</span> 
     </span>
     <span class='ocr_line' id='line_1_14' title="bbox 169 1042 1490 1097; baseline -0.002 -11"><span class='ocrx_word' id='word_1_94' title='bbox 169 1050 238 1086; x_wconf 91' lang='lat' dir='ltr'>est</span> <span class='ocrx_word' id='word_1_95' title='bbox 254 1043 487 1086; x_wconf 91' lang='lat' dir='ltr'>hominum</span> <span class='ocrx_word' id='word_1_96' title='bbox 506 1050 552 1087; x_wconf 91' lang='lat' dir='ltr'>et</span> <span class='ocrx_word' id='word_1_97' title='bbox 565 1045 744 1086; x_wconf 88' lang='lat' dir='ltr'>novitas</span> <span class='ocrx_word' id='word_1_98' title='bbox 761 1042 1027 1094; x_wconf 89' lang='lat' dir='ltr'>invisorum,</span> <span class='ocrx_word' id='word_1_99' title='bbox 1047 1048 1094 1085; x_wconf 89' lang='lat' dir='ltr'>et</span> <span class='ocrx_word' id='word_1_100' title='bbox 1108 1044 1316 1085; x_wconf 92' lang='lat' dir='ltr'>modicus</span> <span class='ocrx_word' id='word_1_101' title='bbox 1332 1055 1490 1097; x_wconf 89' lang='lat' dir='ltr'>repor-</span> 
     </span>
     <span class='ocr_line' id='line_1_15' title="bbox 167 1112 1490 1165; baseline -0.002 -10"><span class='ocrx_word' id='word_1_102' title='bbox 167 1119 291 1156; x_wconf 86' lang='lat' dir='ltr'>tatur</span> <span class='ocrx_word' id='word_1_103' title='bbox 309 1115 640 1157; x_wconf 84' lang='lat' dir='ltr'>emendationis</span> <span class='ocrx_word' id='word_1_104' title='bbox 657 1113 848 1165; x_wconf 77' lang='lat' dir='ltr'>fructus,</span> <span class='ocrx_word' id='word_1_105' title='bbox 867 1114 1065 1155; x_wconf 84' lang='lat' dir='ltr'>maxime</span> <span class='ocrx_word' id='word_1_106' title='bbox 1082 1113 1161 1155; x_wconf 91' lang='lat' dir='ltr'>ubi</span> <span class='ocrx_word' id='word_1_107' title='bbox 1180 1117 1251 1155; x_wconf 91' lang='lat' dir='ltr'>est</span> <span class='ocrx_word' id='word_1_108' title='bbox 1263 1117 1359 1154; x_wconf 90' lang='lat' dir='ltr'>tam</span> <span class='ocrx_word' id='word_1_109' title='bbox 1375 1112 1490 1154; x_wconf 81' lang='lat' dir='ltr'>levis</span> 
     </span>
     <span class='ocr_line' id='line_1_16' title="bbox 169 1183 1490 1226; baseline -0.002 -1"><span class='ocrx_word' id='word_1_110' title='bbox 169 1186 266 1226; x_wconf 88' lang='lat' dir='ltr'>sine</span> <span class='ocrx_word' id='word_1_111' title='bbox 282 1196 393 1226; x_wconf 84' lang='lat' dir='ltr'>vera</span> <span class='ocrx_word' id='word_1_112' title='bbox 411 1184 686 1225; x_wconf 86' lang='lat' dir='ltr'>contritione</span> <span class='ocrx_word' id='word_1_113' title='bbox 705 1183 951 1225; x_wconf 88' lang='lat' dir='ltr'>discursus.</span> <span class='ocrx_word' id='word_1_114' title='bbox 996 1184 1089 1225; x_wconf 93' lang='lat' dir='ltr'>Hic</span> <span class='ocrx_word' id='word_1_115' title='bbox 1105 1187 1259 1224; x_wconf 86' lang='lat' dir='ltr'>autem</span> <span class='ocrx_word' id='word_1_116' title='bbox 1276 1183 1323 1223; x_wconf 89' lang='lat' dir='ltr'>in</span> <span class='ocrx_word' id='word_1_117' title='bbox 1340 1194 1490 1224; x_wconf 89' lang='lat' dir='ltr'>sacra-</span> 
     </span>
     <span class='ocr_line' id='line_1_17' title="bbox 167 1251 1489 1309; baseline -0.002 -14"><span class='ocrx_word' id='word_1_118' title='bbox 167 1259 321 1296; x_wconf 88' lang='lat' dir='ltr'>mento</span> <span class='ocrx_word' id='word_1_119' title='bbox 349 1254 509 1295; x_wconf 89' lang='lat' dir='ltr'>altaris</span> <span class='ocrx_word' id='word_1_120' title='bbox 537 1258 662 1295; x_wconf 84' lang='lat' dir='ltr'>totus</span> <span class='ocrx_word' id='word_1_121' title='bbox 679 1266 899 1309; x_wconf 87' lang='lat' dir='ltr'>praesens</span> <span class='ocrx_word' id='word_1_122' title='bbox 926 1267 997 1306; x_wconf 89' lang='lat' dir='ltr'>es,</span> <span class='ocrx_word' id='word_1_123' title='bbox 1021 1254 1149 1296; x_wconf 90' lang='lat' dir='ltr'>Deus</span> <span class='ocrx_word' id='word_1_124' title='bbox 1174 1266 1326 1305; x_wconf 88' lang='lat' dir='ltr'>meus,</span> <span class='ocrx_word' id='word_1_125' title='bbox 1352 1251 1489 1294; x_wconf 90' lang='lat' dir='ltr'>homo</span> 
     </span>
     <span class='ocr_line' id='line_1_18' title="bbox 170 1323 1492 1379; baseline -0.001 -14"><span class='ocrx_word' id='word_1_126' title='bbox 170 1323 376 1366; x_wconf 87' lang='lat' dir='ltr'>Christus</span> <span class='ocrx_word' id='word_1_127' title='bbox 401 1326 557 1366; x_wconf 87' lang='lat' dir='ltr'>Jesus:</span> <span class='ocrx_word' id='word_1_128' title='bbox 589 1325 669 1365; x_wconf 88' lang='lat' dir='ltr'>ubi</span> <span class='ocrx_word' id='word_1_129' title='bbox 695 1328 741 1365; x_wconf 89' lang='lat' dir='ltr'>et</span> <span class='ocrx_word' id='word_1_130' title='bbox 765 1324 980 1379; x_wconf 89' lang='lat' dir='ltr'>copiosus</span> <span class='ocrx_word' id='word_1_131' title='bbox 997 1324 1249 1379; x_wconf 87' lang='lat' dir='ltr'>percipitur</span> <span class='ocrx_word' id='word_1_132' title='bbox 1275 1327 1492 1365; x_wconf 85' lang='lat' dir='ltr'>aeternae</span> 
     </span>
     <span class='ocr_line' id='line_1_19' title="bbox 168 1392 1491 1449; baseline -0.001 -14"><span class='ocrx_word' id='word_1_133' title='bbox 168 1395 329 1436; x_wconf 89' lang='lat' dir='ltr'>salutis</span> <span class='ocrx_word' id='word_1_134' title='bbox 347 1394 536 1446; x_wconf 78' lang='lat' dir='ltr'>fructus,</span> <span class='ocrx_word' id='word_1_135' title='bbox 556 1395 917 1449; x_wconf 83' lang='lat' dir='ltr'>quotiescunque</span> <span class='ocrx_word' id='word_1_136' title='bbox 935 1392 1079 1435; x_wconf 86' lang='lat' dir='ltr'>fueris</span> <span class='ocrx_word' id='word_1_137' title='bbox 1098 1394 1235 1449; x_wconf 85' lang='lat' dir='ltr'>digne</span> <span class='ocrx_word' id='word_1_138' title='bbox 1254 1406 1309 1435; x_wconf 88' lang='lat' dir='ltr'>ac</span> <span class='ocrx_word' id='word_1_139' title='bbox 1325 1393 1491 1435; x_wconf 89' lang='lat' dir='ltr'>devote</span> 
     </span>
     <span class='ocr_line' id='line_1_20' title="bbox 168 1462 1493 1519; baseline -0.002 -13"><span class='ocrx_word' id='word_1_140' title='bbox 168 1469 422 1519; x_wconf 89' lang='lat' dir='ltr'>susceptus.</span> <span class='ocrx_word' id='word_1_141' title='bbox 480 1464 550 1506; x_wconf 85' lang='lat' dir='ltr'>Ad</span> <span class='ocrx_word' id='word_1_142' title='bbox 580 1464 705 1505; x_wconf 86' lang='lat' dir='ltr'>istud</span> <span class='ocrx_word' id='word_1_143' title='bbox 727 1477 837 1506; x_wconf 86' lang='lat' dir='ltr'>vero</span> <span class='ocrx_word' id='word_1_144' title='bbox 864 1477 957 1505; x_wconf 90' lang='lat' dir='ltr'>non</span> <span class='ocrx_word' id='word_1_145' title='bbox 981 1462 1125 1505; x_wconf 84' lang='lat' dir='ltr'>trahit</span> <span class='ocrx_word' id='word_1_146' title='bbox 1146 1464 1310 1506; x_wconf 88' lang='lat' dir='ltr'>levitas</span> <span class='ocrx_word' id='word_1_147' title='bbox 1337 1463 1493 1518; x_wconf 90' lang='lat' dir='ltr'>aliqua</span> 
     </span>
     <span class='ocr_line' id='line_1_21' title="bbox 168 1532 1494 1587; baseline -0.002 -11"><span class='ocrx_word' id='word_1_148' title='bbox 168 1547 254 1581; x_wconf 87' lang='lat' dir='ltr'>nec</span> <span class='ocrx_word' id='word_1_149' title='bbox 272 1535 515 1576; x_wconf 86' lang='lat' dir='ltr'>curiositas</span> <span class='ocrx_word' id='word_1_150' title='bbox 534 1539 614 1575; x_wconf 88' lang='lat' dir='ltr'>aut</span> <span class='ocrx_word' id='word_1_151' title='bbox 630 1535 922 1587; x_wconf 86' lang='lat' dir='ltr'>sensualitas,</span> <span class='ocrx_word' id='word_1_152' title='bbox 935 1534 1017 1576; x_wconf 89' lang='lat' dir='ltr'>sed</span> <span class='ocrx_word' id='word_1_153' title='bbox 1034 1535 1165 1575; x_wconf 87' lang='lat' dir='ltr'>firma</span> <span class='ocrx_word' id='word_1_154' title='bbox 1181 1533 1311 1585; x_wconf 87' lang='lat' dir='ltr'>fides,</span> <span class='ocrx_word' id='word_1_155' title='bbox 1325 1532 1494 1575; x_wconf 88' lang='lat' dir='ltr'>devota</span> 
     </span>
     <span class='ocr_line' id='line_1_22' title="bbox 167 1606 734 1660; baseline -0.002 -14"><span class='ocrx_word' id='word_1_156' title='bbox 167 1618 272 1660; x_wconf 85' lang='lat' dir='ltr'>spes</span> <span class='ocrx_word' id='word_1_157' title='bbox 292 1610 337 1647; x_wconf 89' lang='lat' dir='ltr'>et</span> <span class='ocrx_word' id='word_1_158' title='bbox 351 1606 532 1648; x_wconf 89' lang='lat' dir='ltr'>sincera</span> <span class='ocrx_word' id='word_1_159' title='bbox 550 1606 734 1647; x_wconf 87' lang='lat' dir='ltr'>caritas.</span> 
     </span>
    </p>

    <p class='ocr_par' dir='ltr' id='par_1_4' title="bbox 167 1675 1493 2291">
     <span class='ocr_line' id='line_1_23' title="bbox 252 1675 1491 1729; baseline -0.002 -13"><span class='ocrx_word' id='word_1_160' title='bbox 252 1677 321 1717; x_wconf 83' lang='lat'>10.</span> <span class='ocrx_word' id='word_1_161' title='bbox 357 1677 394 1718; x_wconf 92' lang='grc' dir='ltr'><strong>Ο</strong></span> <span class='ocrx_word' id='word_1_162' title='bbox 411 1676 652 1717; x_wconf 86' lang='lat' dir='ltr'>invisibilis</span> <span class='ocrx_word' id='word_1_163' title='bbox 672 1675 885 1717; x_wconf 90' lang='lat' dir='ltr'>conditor</span> <span class='ocrx_word' id='word_1_164' title='bbox 900 1675 1057 1717; x_wconf 92' lang='lat' dir='ltr'>mundi</span> <span class='ocrx_word' id='word_1_165' title='bbox 1072 1675 1223 1726; x_wconf 89' lang='lat' dir='ltr'>Deus,</span> <span class='ocrx_word' id='word_1_166' title='bbox 1252 1687 1388 1729; x_wconf 86' lang='lat' dir='ltr'>quam</span> <span class='ocrx_word' id='word_1_167' title='bbox 1411 1675 1491 1714; x_wconf 90' lang='lat' dir='ltr'>mi-</span> 
     </span>
     <span class='ocr_line' id='line_1_24' title="bbox 167 1745 1491 1801; baseline -0.001 -15"><span class='ocrx_word' id='word_1_168' title='bbox 167 1746 378 1787; x_wconf 83' lang='lat' dir='ltr'>rabiliter</span> <span class='ocrx_word' id='word_1_169' title='bbox 410 1747 509 1801; x_wconf 90' lang='lat' dir='ltr'>agis</span> <span class='ocrx_word' id='word_1_170' title='bbox 542 1746 803 1797; x_wconf 90' lang='lat' dir='ltr'>nobiscum,</span> <span class='ocrx_word' id='word_1_171' title='bbox 832 1758 966 1800; x_wconf 89' lang='lat' dir='ltr'>quam</span> <span class='ocrx_word' id='word_1_172' title='bbox 992 1745 1195 1786; x_wconf 87' lang='lat' dir='ltr'>suaviter</span> <span class='ocrx_word' id='word_1_173' title='bbox 1221 1749 1267 1786; x_wconf 89' lang='lat' dir='ltr'>et</span> <span class='ocrx_word' id='word_1_174' title='bbox 1285 1745 1491 1799; x_wconf 82' lang='lat' dir='ltr'>gratiose</span> 
     </span>
     <span class='ocr_line' id='line_1_25' title="bbox 172 1815 1491 1870; baseline -0.002 -14"><span class='ocrx_word' id='word_1_175' title='bbox 172 1829 272 1856; x_wconf 91' lang='lat' dir='ltr'>cum</span> <span class='ocrx_word' id='word_1_176' title='bbox 301 1816 459 1858; x_wconf 88' lang='lat' dir='ltr'>electis</span> <span class='ocrx_word' id='word_1_177' title='bbox 483 1816 574 1857; x_wconf 86' lang='lat' dir='ltr'>tuis</span> <span class='ocrx_word' id='word_1_178' title='bbox 600 1816 829 1870; x_wconf 90' lang='lat' dir='ltr'>disponis,</span> <span class='ocrx_word' id='word_1_179' title='bbox 858 1816 1019 1870; x_wconf 89' lang='lat' dir='ltr'>quibus</span> <span class='ocrx_word' id='word_1_180' title='bbox 1035 1819 1179 1857; x_wconf 88' lang='lat' dir='ltr'>temet</span> <span class='ocrx_word' id='word_1_181' title='bbox 1193 1816 1341 1869; x_wconf 91' lang='lat' dir='ltr'>ipsum</span> <span class='ocrx_word' id='word_1_182' title='bbox 1358 1815 1404 1855; x_wconf 90' lang='lat' dir='ltr'>in</span> <span class='ocrx_word' id='word_1_183' title='bbox 1422 1826 1491 1855; x_wconf 92' lang='lat' dir='ltr'>sa-</span> 
     </span>
     <span class='ocr_line' id='line_1_26' title="bbox 170 1884 1490 1940; baseline -0.003 -13"><span class='ocrx_word' id='word_1_184' title='bbox 170 1891 401 1927; x_wconf 87' lang='lat' dir='ltr'>cramento</span> <span class='ocrx_word' id='word_1_185' title='bbox 421 1885 687 1927; x_wconf 89' lang='lat' dir='ltr'>sumendum</span> <span class='ocrx_word' id='word_1_186' title='bbox 705 1884 945 1940; x_wconf 82' lang='lat' dir='ltr'>proponis!</span> <span class='ocrx_word' id='word_1_187' title='bbox 977 1886 1084 1926; x_wconf 92' lang='lat' dir='ltr'>Hoc</span> <span class='ocrx_word' id='word_1_188' title='bbox 1099 1897 1294 1939; x_wconf 90' lang='lat' dir='ltr'>namque</span> <span class='ocrx_word' id='word_1_189' title='bbox 1314 1896 1490 1925; x_wconf 89' lang='lat' dir='ltr'>omnem</span> 
     </span>
     <span class='ocr_line' id='line_1_27' title="bbox 167 1954 1493 2011; baseline -0.002 -15"><span class='ocrx_word' id='word_1_190' title='bbox 167 1956 451 1998; x_wconf 88' lang='lat' dir='ltr'>intellectum</span> <span class='ocrx_word' id='word_1_191' title='bbox 468 1961 674 2011; x_wconf 86' lang='lat' dir='ltr'>superat3</span> <span class='ocrx_word' id='word_1_192' title='bbox 687 1954 777 1997; x_wconf 92' lang='lat' dir='ltr'>hoc</span> <span class='ocrx_word' id='word_1_193' title='bbox 786 1956 1052 2010; x_wconf 87' lang='lat' dir='ltr'>specialiter</span> <span class='ocrx_word' id='word_1_194' title='bbox 1062 1955 1334 1996; x_wconf 89' lang='lat' dir='ltr'>devotorum</span> <span class='ocrx_word' id='word_1_195' title='bbox 1351 1954 1493 1995; x_wconf 86' lang='lat' dir='ltr'>corda</span> 
     </span>
     <span class='ocr_line' id='line_1_28' title="bbox 167 2024 1491 2080; baseline -0.002 -14"><span class='ocrx_word' id='word_1_196' title='bbox 167 2024 311 2066; x_wconf 83' lang='lat' dir='ltr'>trahit</span> <span class='ocrx_word' id='word_1_197' title='bbox 327 2031 373 2068; x_wconf 87' lang='lat' dir='ltr'>et</span> <span class='ocrx_word' id='word_1_198' title='bbox 390 2026 600 2068; x_wconf 86' lang='lat' dir='ltr'>accendit</span> <span class='ocrx_word' id='word_1_199' title='bbox 616 2025 847 2067; x_wconf 89' lang='lat' dir='ltr'>affectum.</span> <span class='ocrx_word' id='word_1_200' title='bbox 883 2027 977 2080; x_wconf 89' lang='lat' dir='ltr'>Ipsi</span> <span class='ocrx_word' id='word_1_201' title='bbox 995 2026 1114 2066; x_wconf 91' lang='lat' dir='ltr'>enim</span> <span class='ocrx_word' id='word_1_202' title='bbox 1129 2025 1227 2066; x_wconf 85' lang='lat' dir='ltr'>veri</span> <span class='ocrx_word' id='word_1_203' title='bbox 1237 2024 1397 2065; x_wconf 87' lang='lat' dir='ltr'>fideles</span> <span class='ocrx_word' id='word_1_204' title='bbox 1409 2024 1491 2073; x_wconf 90' lang='lat' dir='ltr'>tui,</span> 
     </span>
     <span class='ocr_line' id='line_1_29' title="bbox 172 2094 1489 2150; baseline -0.002 -14"><span class='ocrx_word' id='word_1_205' title='bbox 172 2097 247 2150; x_wconf 92' lang='lat' dir='ltr'>qui</span> <span class='ocrx_word' id='word_1_206' title='bbox 272 2101 418 2138; x_wconf 85' lang='lat' dir='ltr'>totam</span> <span class='ocrx_word' id='word_1_207' title='bbox 434 2098 574 2137; x_wconf 87' lang='lat' dir='ltr'>vitam</span> <span class='ocrx_word' id='word_1_208' title='bbox 599 2109 728 2137; x_wconf 89' lang='lat' dir='ltr'>suam</span> <span class='ocrx_word' id='word_1_209' title='bbox 753 2096 813 2137; x_wconf 91' lang='lat' dir='ltr'>ad</span> <span class='ocrx_word' id='word_1_210' title='bbox 838 2096 1205 2137; x_wconf 87' lang='lat' dir='ltr'>emendationem</span> <span class='ocrx_word' id='word_1_211' title='bbox 1231 2094 1489 2148; x_wconf 89' lang='lat' dir='ltr'>disponunt,</span> 
     </span>
     <span class='ocr_line' id='line_1_30' title="bbox 173 2163 1490 2221; baseline 0 -17"><span class='ocrx_word' id='word_1_212' title='bbox 173 2177 231 2205; x_wconf 85' lang='lat' dir='ltr'>ex</span> <span class='ocrx_word' id='word_1_213' title='bbox 254 2163 343 2207; x_wconf 89' lang='lat' dir='ltr'>hoc</span> <span class='ocrx_word' id='word_1_214' title='bbox 367 2166 634 2221; x_wconf 87' lang='lat' dir='ltr'>dignissimo</span> <span class='ocrx_word' id='word_1_215' title='bbox 670 2172 956 2208; x_wconf 87' lang='lat' dir='ltr'>sacramento</span> <span class='ocrx_word' id='word_1_216' title='bbox 990 2178 1203 2220; x_wconf 87' lang='lat' dir='ltr'>magnam</span> <span class='ocrx_word' id='word_1_217' title='bbox 1232 2164 1490 2205; x_wconf 87' lang='lat' dir='ltr'>devotionis</span> 
     </span>
     <span class='ocr_line' id='line_1_31' title="bbox 173 2234 1386 2291; baseline -0.002 -16"><span class='ocrx_word' id='word_1_218' title='bbox 173 2237 370 2288; x_wconf 86' lang='lat' dir='ltr'>gratiam</span> <span class='ocrx_word' id='word_1_219' title='bbox 389 2241 434 2278; x_wconf 90' lang='lat' dir='ltr'>et</span> <span class='ocrx_word' id='word_1_220' title='bbox 449 2238 629 2278; x_wconf 86' lang='lat' dir='ltr'>virtutis</span> <span class='ocrx_word' id='word_1_221' title='bbox 648 2250 850 2279; x_wconf 83' lang='lat' dir='ltr'>amorem</span> <span class='ocrx_word' id='word_1_222' title='bbox 867 2236 1132 2291; x_wconf 84' lang='lat' dir='ltr'>frequenter</span> <span class='ocrx_word' id='word_1_223' title='bbox 1148 2234 1386 2288; x_wconf 87' lang='lat' dir='ltr'>recipiunt.</span> 
     </span>
    </p>
   </div>
  </div>
 </body>
</html>
