1530 2517
257 147 521 184 CHRISTI
577 148 787 184 L1n.1V.
828 149 950 185 CAP.
985 150 1106 187 9.10.
1263 148 1345 187 223

19 244 200 295 valeas,
235 247 281 284 et
312 248 474 284 contra
498 244 734 285 universas
758 245 1037 285 tentationes
1066 250 1111 285 et
1135 244 1347 286 fallacias

2 315 197 356 ‚diaboli
212 313 383 355 fortior
400 318 538 368 atque
555 314 824 368 vigilantior
842 314 961 354 effici
977 316 1214 356 merearis.
1261 316 1348 355 lni-

19 387 164 428 micus
182 386 347 436 sciens,
359 383 558 425 fructum
578 389 623 426 et
632 384 887 424 remedium
898 385 1146 424 maximum
1158 386 1205 425 in
1216 396 1349 425 sacra

21 456 341 498 communione
365 454 588 508 positum,
617 459 740 494 omni
756 454 894 495 modo
916 459 962 495 et
980 455 1224 496 occasione
1244 455 1347 494 niti-

18 532 92 567 tur
108 524 269 566 fideles
289 529 335 566 et
351 523 544 565 devotos
556 554 568 574 ,
589 528 805 578 quantum
822 524 1081 577 praevalet,
1107 522 1346 565 retrahere

0 618 2 627 1
21 600 66 637 et
81 594 320 649 impedire.

102 667 142 705 2.
177 666 290 706 Cum
307 665 427 706 enim
445 664 629 719 quidam
647 675 807 706 sacrae
827 665 1137 706 communioni
1154 677 1203 705 se
1221 669 1345 717 apta-

19 748 70 777 re
89 735 348 789 disponunt,
360 735 544 788 pejores
563 738 753 776 satanae
769 736 1079 776 immissiones
1097 736 1332 789 patiuntur

2 806 122 860 lpse
139 817 338 860 nequam
354 805 562 858 spiritus,
589 804 700 844 utin
716 805 742 846 J
746 806 803 846 ob
825 806 1063 857 scribitur,
1092 806 1213 846 venit
1227 806 1347 845 inter

21 876 142 917 filios
160 876 273 926 Dei,
299 879 351 916 ut
374 875 514 916 solita
537 875 646 916 illos
669 876 877 929 nequitia
901 888 986 916 sua
1006 875 1246 929 perturbet
1271 880 1350 914 aut

22 946 208 987 timidos
236 946 424 986 nimium
447 945 613 987 reddat
631 952 678 987 et
693 945 960 999 perplexos:
994 950 1217 999 quatenus
1238 943 1349 985 affe-

24 1022 144 1057 ctum
162 1028 321 1057 eorum
336 1016 512 1056 minuat
527 1015 602 1056 vel
617 1015 754 1057 fidem
769 1015 1080 1071 impugnando
1099 1015 1297 1065 auferat,
1311 1015 1349 1055 si

3 1086 144 1127 :forte
164 1091 244 1126 aut
261 1087 444 1127 omnino
465 1087 829 1128 communionem
845 1087 1122 1142 relinquant,
1150 1091 1229 1127 aut
1248 1100 1349 1127 cum

3 1160 183 1210 ‘tepore
209 1156 444 1197 accedant.
505 1156 598 1199 Sed
622 1170 714 1198 non
740 1162 810 1198 est
828 1157 1074 1212 quidquam
1099 1156 1348 1198 curandum

22 1226 78 1267 de
95 1227 311 1267 versutiis
332 1231 379 1268 et
392 1225 648 1281 phantasiis
672 1227 796 1268 illius
811 1258 823 1278 ,
858 1227 1192 1282 quantumlibet
1206 1227 1347 1279 turpi-

21 1297 107 1339 bus
140 1301 186 1340 Εἰ·
216 1295 440 1348 hom'dis;
474 1297 556 1338 sed
589 1302 752 1339 cuncta
782 1296 1106 1351 phantasmata
1135 1297 1182 1336 in
1214 1300 1350 1349 caput

24 1370 122 1422 ejus
140 1372 244 1409 sunt
257 1367 586 1423 retorquenda.
648 1368 1018 1409 Contemnendus
1046 1371 1115 1408 est
1138 1367 1279 1407 miser
1305 1371 1350 1407 et

24 1438 316 1489 deridendus,
328 1451 414 1479 nec
422 1442 612 1492 propter
622 1438 817 1479 insultus
831 1439 929 1492 ejus
943 1442 988 1479 et
999 1437 1347 1487 commotiones,

24 1520 136 1562 quas
155 1500 361 1560 suscitat,
379 1521 513 1550 sacra
531 1514 602 1550 est
620 1508 873 1550 omittenda
891 1508 1165 1550 communio.

106 1580 146 1621 3.
179 1579 329 1634 Saepe
348 1581 487 1622 etiam
505 1579 698 1633 impedit
720 1580 862 1620 nimia
886 1578 1150 1619 sollicitudo
1169 1589 1252 1631 pro
1273 1576 1349 1618 de-

21 1650 209 1690 votione
226 1648 438 1691 habenda
457 1654 502 1691 et
520 1651 727 1691 anxietas
748 1649 972 1704 quaedam
984 1650 1040 1691 de
1057 1647 1349 1690 confessione

22 1719 252 1760 facienda.
310 1721 406 1774 Age
438 1720 689 1762 secundum
714 1721 956 1761 consilium
988 1720 1246 1773 sapientum
1258 1749 1269 1769 ,
1306 1723 1351 1759 et

24 1789 202 1843 depone
229 1791 508 1832 anxietatem
532 1795 578 1832 et
601 1791 885 1844 scrupulum,
912 1791 1022 1845 quia
1045 1790 1242 1844 gratiam
1259 1790 1349 1830 Dei

22 1859 215 1913 impedit
232 1864 277 1900 et
293 1859 586 1901 devotionem
602 1862 768 1902 mentis
787 1861 996 1901 destruit.
1053 1861 1252 1914 Propter
1270 1860 1347 1900 ali-

25 1942 159 1983 quam
181 1941 369 1982 parvam
384 1931 696 1972 turbationem
712 1931 786 1972 vel
802 1932 1077 1984 gravitatem
1095 1943 1273 1971 sacram
1292 1943 1347 1970 ne

25 2000 227 2040 dimittas
254 2001 641 2052 communionem3
675 2001 759 2042 sed
774 2001 892 2042 vade
911 2001 1045 2042 citius
1071 2000 1280 2041 confiteri
1305 2005 1349 2040 et

27 2082 183 2111 omnes
203 2068 484 2111 offensiones
503 2071 606 2112 aliis
623 2071 821 2112 libenter
837 2071 1040 2124 indulge.
1102 2069 1151 2111 Si
1168 2082 1277 2110 vero
1299 2078 1347 2109 tu

26 2140 227 2194 aliquem
245 2139 686 2191 offendisti‚veniam
699 2139 931 2181 humiliter
947 2152 1154 2194 precare,
1168 2141 1347 2181 etDeus

25 2211 224 2252 libenter
239 2210 497 2264 indulgebit
512 2212 611 2252 tibi.

109 2281 147 2320 4.
184 2280 303 2330 Quid
327 2281 519 2335 prodest
544 2281 621 2322 diu
653 2280 840 2322 tardare
875 2279 1211 2321 confessionem
1225 2311 1236 2328 ‚
1272 2286 1347 2319 aut
