1530 2517
144 116 224 155 116
540 116 623 152 DE
653 116 1054 152 IMITATIONE

143 214 359 266 Propone
386 225 460 254 me
475 211 659 252 fortiter
683 216 910 262 acturum,
937 211 1020 252 sed
1044 224 1144 252 cum
1167 211 1349 252 modica
1363 217 1457 252 ten-

146 286 258 325 tatio
278 282 475 332 venerit,
501 293 669 335 magna
691 279 804 321 mihi
828 282 1039 335 angustia
1063 283 1136 322 sit.
1195 282 1342 324 Valde
1359 283 1460 323 vilis

148 342 419 407 quandoque
450 364 525 392 res
560 356 647 400 est,
682 350 801 392 unde
833 352 985 405 gravis
1010 353 1204 393 tentatio
1230 353 1462 406 provenit3

149 428 195 464 et
211 422 316 462 dum
332 426 441 475 puto
460 434 532 462 me
552 421 881 475 aliquantulum
896 426 1056 472 tutum,
1076 435 1176 463 cum
1193 434 1285 462 non
1300 423 1464 473 sentio,

146 493 327 533 invenio
345 504 417 532 me
435 503 756 545 nonnunquam
765 503 910 544 paene
923 490 1148 532 devictum
1166 504 1224 533 ex
1237 492 1328 533 levi
1339 491 1451 532 flatu

232 571 272 609 2.
304 568 421 610 Vide
442 580 568 622 ergo,
587 569 798 618 Domine,
819 566 1120 609 humilitatem
1138 583 1286 611 meam
1313 575 1359 611 et
1375 570 1466 611 fra-

149 639 377 694 gilitatem
401 639 485 678 tibi
509 637 708 692 undique
728 642 898 678 notam.
956 639 1203 689 Miserere,
1233 644 1278 680 et
1310 641 1428 693 erip
1443 652 1466 680 e

149 722 230 749 me
272 708 334 749 de
366 708 508 758 luto,
557 711 614 748 ut
652 720 758 748 non
797 708 1036 763 infigar,
1085 722 1141 749 ne
1175 721 1468 762 permaneam
1515 706 1519 710 ’

152 779 356 832 dejectus
372 790 714 832 usquequaque.
752 778 858 819 Hoc
876 783 958 829 est,
978 778 1100 833 quod
1116 791 1187 820 me
1205 778 1470 832 frequenter

149 849 418 890 reverberat
443 854 488 888 et
514 861 668 889 coram
691 853 736 889 te
764 847 1021 899 confundit,
1057 848 1179 902 quod
1201 853 1295 889 tam
1316 849 1468 889 labilis
1496 873 1498 875 >

151 931 251 958 sum
284 925 330 959 et
351 918 554 959 infirmus
590 917 648 958 ad
676 918 983 959 resistendum
1006 919 1310 971 passionibus.
1370 919 1470 959 Etsi

150 1001 243 1029 non
261 989 441 1029 omnino
463 987 521 1028 ad
539 989 907 1039 consensionem,
924 994 1079 1029 tamen
1093 987 1205 1028 mihi
1222 990 1360 1030 etiam
1375 1001 1468 1028 mo-

150 1057 271 1098 lesta
289 1062 335 1099 et
349 1058 502 1111 gravis
530 1063 600 1099 est
625 1071 780 1100 earum
796 1059 1040 1100 insectatio
1053 1090 1065 1109 ,
1093 1064 1139 1099 et
1161 1058 1319 1099 taedet
1334 1058 1468 1098 valde

153 1128 219 1168 sie
237 1127 440 1181 quotidie
464 1128 618 1170 vivere
635 1130 681 1169 in
705 1129 803 1170 lite.
862 1127 1038 1170 Exhinc
1060 1133 1171 1169 nota
1194 1126 1305 1168 mihi
1329 1128 1380 1167 fit
1403 1128 1468 1168 in-

153 1197 341 1238 firmitas
353 1210 470 1248 mea,
485 1198 590 1252 quia
599 1199 741 1240 multo
754 1198 936 1239 facilius
948 1200 1125 1240 irruunt
1137 1197 1469 1239 abominandae

153 1279 334 1321 semper
349 1265 633 1320 phantasiae,
653 1281 787 1323 quam
805 1268 1057 1310 discedunt.

236 1336 275 1378 3.
308 1337 504 1387 Utinam,
523 1336 770 1379 fortissime
790 1339 916 1379 Deus
930 1338 1087 1389 Israel,
1106 1338 1284 1379 zelator
1302 1338 1470 1377 anima-

151 1419 252 1447 rum
268 1407 484 1457 fidelium,
499 1408 721 1461 respicias
739 1409 861 1449 servi
877 1409 944 1449 tui
959 1409 1167 1449 laborem
1185 1412 1230 1448 et
1247 1407 1469 1457 dolorem,

155 1478 436 1531 assistasque
451 1477 522 1517 illi
536 1478 583 1517 in
610 1478 816 1519 omnibus
829 1508 840 1529 ,
868 1478 927 1518 ad
945 1489 1241 1531 quaecunque
1257 1489 1470 1530 perrexe-

152 1547 226 1586 rit.
286 1547 474 1587 Robora
488 1559 560 1587 1116
579 1547 771 1589 coelesti
788 1546 1071 1597 fortitudine,
1093 1559 1149 1587 ne
1166 1551 1296 1587 vetus
1316 1544 1469 1596 homo,

152 1617 321 1656 misera
339 1629 444 1657 caro
462 1617 642 1669 spiritui
658 1617 849 1658 necdum
859 1617 992 1670 plene
1003 1617 1193 1657 subacta
1204 1615 1471 1669 praevaleat

153 1685 391 1736 dominari,
413 1686 629 1727 adversus
649 1699 783 1741 quam
801 1692 976 1727 certare
996 1686 1241 1739 oportebit,
1254 1684 1468 1739 quamdiu

151 1756 352 1808 spiratur
367 1756 414 1795 in
431 1753 517 1796 hac
531 1757 626 1796 vita
641 1757 910 1797 miserrima.
970 1756 1076 1797 Heu
1095 1754 1241 1809 qualis
1268 1759 1338 1795 est
1353 1752 1468 1794 haec

150 1826 266 1875 vita,
296 1825 376 1865 ubi
398 1837 490 1865 non
515 1824 679 1866 desunt
701 1826 1021 1867 tribulationes
1051 1831 1096 1867 et
1119 1815 1356 1874 miseriae,
1389 1824 1467 1864 ubi

150 1894 287 1948 plena
303 1894 479 1949 laqueis
506 1899 551 1935 et
566 1892 772 1936 hostibus
797 1901 900 1936 sunt
918 1894 1090 1936 omnia!
1148 1893 1265 1935 Nam
1281 1905 1373 1933 una
1389 1894 1466 1933 tri-

150 1963 385 2004 bulatione
404 1976 486 2004 seu
501 1965 755 2007 tentatione
778 1965 1022 2006 recedente
1042 1964 1134 2004 alia
1152 1962 1350 2012 accedit3
1384 1963 1463 2003 sed

154 2040 200 2074 et
221 2033 375 2087 priore
403 2032 551 2075 adhuc
576 2034 766 2076 durante
794 2034 1007 2077 conflictu
1033 2034 1113 2074 alii
1135 2032 1289 2087 plures
1312 2044 1466 2085 super-

152 2104 338 2143 veniunt
354 2108 400 2144 et
414 2104 660 2156 insperate.

246 2246 278 2276 2.
304 2242 445 2277 Psa1m.
465 2246 509 2278 σε
525 2223 618 2289 (695,
639 2247 692 2278 15.
