1530 2517
267 120 532 158 CHRISTI
590 122 698 157 Lm.
731 121 798 156 ΠΙ.
831 121 952 156 CAP.
985 123 1137 158 16.17.
1288 121 1362 161 111

452 363 712 411 CAPUT
776 365 961 411 XVII.

279 476 412 529 Quod
458 477 596 519 onmis
643 477 891 520 sollicitudo
938 479 985 521 in
1032 478 1129 521 Deo

531 550 767 594 statuenda
798 549 867 590 sit.

125 703 166 741 1.
197 683 311 754 Fili,
325 704 423 743 sine
441 715 513 743 me
533 707 683 744 tecum
701 714 856 756 agere,
870 703 993 757 quod
1005 703 1136 755 volo3
1157 716 1242 758 ego
1256 705 1369 754 sci0,

45 776 154 831 quid
172 777 360 831 expedit
374 778 472 820 tibi.
534 779 606 819 Tu
628 778 805 832 cogitas
832 778 950 818 sicut
967 775 1130 828 hom03
1161 782 1212 818 tu
1229 779 1371 819 sentis

44 847 91 887 in
108 847 278 898 multis,
298 848 417 888 sicut
434 846 658 889 humanus
678 847 844 888 suadet
862 845 1070 888 affectus.

127 919 167 957 2.
199 918 414 969 Domine,
432 931 591 959 verum
610 922 680 959 est
697 917 821 972 quod
838 917 968 958 dicis.
1022 918 1178 971 MaJOr
1197 921 1267 959 est
1282 917 1373 958 sol-

43 987 234 1028 licitudo
253 992 333 1028 tua
348 1001 432 1042 pro
450 1001 540 1039 me,
563 1001 699 1043 quam
718 988 864 1028 omnis
883 1000 1015 1038 cura,
1035 1000 1171 1042 quam
1189 1000 1276 1042 ego
1296 1000 1373 1041 ge-

40 1070 146 1099 rere
164 1070 353 1112 possum
370 1071 454 1112 pro
471 1071 559 1100 me.
607 1058 754 1100 Nimis
775 1059 895 1099 enim
913 1058 1161 1099 casualiter
1176 1062 1282 1108 stat,
1297 1058 1374 1112 qui

41 1140 134 1168 non
151 1129 339 1182 projicit
356 1141 536 1185 omnem
560 1129 920 1170 sollicitudinem
946 1141 1076 1169 suam
1091 1129 1138 1168 in
1154 1132 1216 1169 te.
1276 1128 1371 1168 Do-

43 1199 187 1249 mine,
222 1198 469 1244 dummodo
495 1199 709 1241 voluntas
734 1201 839 1240 mea
860 1203 991 1245 recta
1019 1203 1064 1239 et
1087 1199 1219 1238 firma
1245 1198 1303 1238 ad
1329 1202 1374 1238 te

44 1273 326 1322 permaneat,
346 1268 424 1310 fac
441 1269 496 1310 de
515 1282 587 1310 me
599 1300 611 1320 ,
631 1268 853 1324 quidquid
869 1269 953 1309 tibi
969 1268 1210 1322 placuerit.
1269 1267 1374 1308 Non

46 1339 166 1379 enim
183 1343 338 1392 potest
355 1352 458 1381 esse
475 1340 564 1382 nisi
579 1340 764 1390 bonum,
786 1338 1007 1394 quidquid
1025 1338 1081 1379 de
1097 1350 1170 1379 me
1188 1336 1372 1378 feceris.

47 1407 97 1450 Si
112 1421 184 1450 me
201 1409 270 1450 vis
290 1422 392 1451 esse
408 1410 456 1450 in
470 1410 690 1461 tenebris,
710 1411 774 1452 sis
787 1409 1074 1459 benedic-tus,
1095 1412 1140 1449 et
1158 1408 1198 1448 si
1213 1420 1286 1449 me
1304 1408 1373 1448 vis

46 1491 149 1520 esse
173 1480 221 1519 in
241 1479 367 1531 luce,
394 1479 457 1520 sis
482 1480 650 1521 iterum
665 1480 949 1522 benedictus.
1012 1478 1061 1520 Si
1077 1491 1149 1518 me
1169 1478 1373 1532 dignaris

47 1549 301 1600 consolari,
328 1550 390 1591 sis
417 1550 711 1602 benedictus,
741 1555 788 1591 et
812 1551 852 1592 si
874 1563 947 1591 me
963 1550 1032 1590 vis
1049 1547 1284 1598 tribulari,
1311 1548 1374 1588 sis

47 1632 192 1674 aeque
210 1633 393 1674 semper
407 1620 694 1662 benedictus.

128 1691 168 1732 3.
199 1691 312 1742 Fili,
340 1692 407 1732 sic
433 1695 620 1745 oportet
637 1696 684 1733 te
710 1696 857 1741 stare,
884 1692 924 1732 si
939 1703 1117 1732 mecum
1135 1688 1372 1730 desideras

46 1761 297 1802 ambulare.
354 1762 426 1803 Ita
456 1766 664 1815 promtus
698 1774 799 1803 esse
834 1761 974 1802 debes
1010 1760 1069 1800 ad
1091 1759 1371 1814 patiendum,

45 1832 166 1873 sicut
191 1830 249 1871 ad
273 1831 580 1886 gaudendum.
638 1833 711 1874 Ita
735 1832 934 1873 libenter-
959 1830 1100 1872 debes
1121 1843 1222 1872 esse
1239 1831 1372 1883 inops

46 1906 95 1943 et
109 1913 298 1955 pauper,
318 1902 438 1942 sicut
451 1901 614 1955 plenus
634 1906 680 1943 et
696 1902 839 1944 dives.

130 1972 172 2012 4.
203 1972 425 2022 Domine,
450 1971 648 2013 libenter
670 1973 824 2026 patiar
846 1985 929 2026 pro
954 1976 1024 2022 te,
1050 1971 1271 2026 quidquid
1296 1983 1375 2010 vo-

47 2042 191 2084 lueris
215 2043 372 2084 venire
399 2054 537 2095 super
551 2055 639 2084 me.
698 2042 1022 2084 Indifferenter
1037 2042 1144 2082 volo
1166 2042 1222 2081 de
1239 2053 1374 2080 manu

47 2117 129 2153 tua
151 2113 322 2153 bonum
349 2117 395 2154 et
417 2113 611 2164 malum,
646 2114 778 2155 dulce
808 2118 854 2154 et
879 2125 1106 2162 amarum,
1132 2111 1305 2151 laetum
1332 2114 1376 2150 et

50 2183 182 2224 triste
200 2184 434 2236 suscipere
446 2213 458 2235 ‚
487 2188 533 2224 et
547 2196 631 2237 pro
653 2185 861 2225 omnibus
877 2181 990 2223 mihi
1008 2181 1376 2235 contingentibus

51 2253 227 2308 gratias
246 2264 402 2307 agere.
464 2253 657 2295 Custodi
672 2267 744 2296 me
764 2254 820 2295 ab
840 2253 963 2294 omni
978 2256 1169 2306 peccato
1182 2282 1194 2302 ‚
1223 2256 1268 2293 et
1287 2263 1376 2291 non
