1530 2517
297 119 562 157 CHRISTI
619 120 730 158 an.
763 122 832 157 111.
866 122 990 158 CAP.
1023 124 1089 159 50.
1277 122 1359 162 ’173

25 218 203 272 potius,
232 228 368 272 quam
393 214 628 268 homines,
663 216 722 258 ad
755 218 1085 259 consolandum
1109 220 1358 274 requiram.

25 287 182 330 Didici
207 287 348 329 etiam
374 298 432 328 ex
453 284 544 328 hoc
566 286 868 329 inscrutabile
888 289 1113 343 judicium
1139 296 1265 331 tuum
1286 302 1360 332 ex-

25 370 291 412 pavescere,
305 358 382 412 qui
399 356 568 412 affligis
582 358 757 412 justum
769 371 869 400 cum
886 360 1045 414 impio,
1058 360 1141 401 sed
1157 373 1249 401 non
1261 361 1361 402 sine

25 429 260 483 aequitate
279 433 325 469 et
334 428 532 482 justitia.

109 498 149 538 5.
187 498 374 540 Gratias
406 498 491 539 tibi
525 510 640 554 ago,
681 499 790 554 quia
820 511 910 540 non
943 501 1194 554 pepercisti
1224 500 1360 542 malis

24 568 162 617 meis,
187 567 272 609 sed
297 569 515 610 attrivisti
538 582 611 610 me
628 569 898 611 verberibus
925 572 1118 622 amaris,
1144 570 1359 626 infligens

25 638 213 680 dolores
241 642 287 680 et
308 639 559 680 immittens
588 640 824 694 angustias
849 639 965 682 foris
993 646 1039 683 et
1054 642 1192 682 intus.
1251 641 1357 682 Non

22 714 115 760 est,
144 710 221 764 qui
236 722 310 751 me
329 709 618 761 consoletur,
648 722 704 751 ex
722 711 955 762 omnibus,
984 724 1102 766 quae
1120 712 1203 752 sub
1222 711 1356 753 coelo

22 785 147 831 sunt,
174 780 263 821 nisi
285 784 337 821 tu
355 780 556 822 Domine
573 781 702 822 Deus
727 794 879 833 meus,
908 782 1126 824 coelestis
1151 782 1358 824 medicus

23 851 301 902 animarum,
349 852 441 906 qui
480 853 741 905 percutis
785 856 840 894 et
878 864 1071 904 sanas,
1121 853 1358 894 deducis

22 921 90 962 ad
135 921 361 964 inferos
411 926 464 963 et
499 921 748 964 reducis.
815 923 1076 978 Disciplina
1106 928 1188 964 tua
1220 936 1360 978 super

21 1005 108 1043 me,
129 998 175 1034 et
190 993 322 1047 virga
336 997 420 1034 tua
435 993 539 1046 ipsa
553 1005 629 1034 me
647 992 848 1035 docebit.

104 1073 144 1113 6.
175 1072 320 1123 Ecce,
347 1071 489 1114 Pater
506 1072 700 1123 dilecte,
726 1073 774 1114 in
792 1073 1002 1114 manibus
1021 1072 1114 1114 tuis
1132 1086 1232 1114 sum
1251 1086 1355 1128 ego,

19 1144 101 1184 sub
135 1143 267 1197 virga
311 1143 614 1184 correctionis
654 1147 764 1185 tuae
803 1155 876 1185 me
908 1143 1096 1184 inclino.
1158 1143 1356 1185 Percute

20 1214 208 1255 dorsum
232 1226 386 1255 meum
411 1219 458 1255 et
483 1213 653 1255 collum
677 1226 853 1265 meum,
877 1218 930 1255 ut
949 1214 1184 1255 incurvem
1204 1214 1262 1255 ad
1281 1228 1356 1256 vo-

18 1285 244 1326 luntatem
267 1289 394 1325 tuam
418 1284 767 1326 tortuositatem
790 1296 955 1325 meam.
1014 1283 1111 1325 Fac
1133 1297 1206 1325 me
1232 1285 1357 1338 pium

19 1361 65 1397 et
90 1354 312 1396 humilem
339 1354 638 1408 discipulum,
672 1355 792 1397 sicut
821 1355 940 1397 bene
973 1353 1131 1396 facere
1166 1367 1356 1397 consue-

14 1427 146 1476 visti,
171 1431 224 1466 ut
250 1425 479 1467 ambulem
502 1425 561 1466 ad
580 1438 763 1466 omnem
779 1431 937 1467 nutum
953 1430 1096 1466 tuum.
1157 1424 1264 1466 Tibi
1282 1439 1354 1468 me

17 1502 65 1538 et
97 1497 252 1537 omnia
282 1508 388 1537 mea
420 1496 480 1536 ad
509 1496 834 1550 corrigendum
860 1495 1155 1547 commend03
1188 1497 1353 1538 melius

17 1573 88 1609 est
113 1566 188 1609 hic
214 1567 408 1620 corripi,
443 1579 581 1621 quam
604 1568 652 1607 in
676 1565 850 1608 futuro.
912 1568 985 1607 Tu
1010 1566 1100 1608 scis
1128 1567 1282 1607 omnia
1308 1573 1355 1609 et

16 1638 214 1692 singula,
235 1642 283 1679 et
298 1636 364 1677 nil
380 1641 427 1678 te
444 1636 561 1678 latet
575 1637 623 1677 in
640 1636 840 1678 humana
858 1638 1157 1679 conscientia.
1217 1639 1353 1680 Ante-

17 1722 154 1763 quam
179 1709 312 1759 fiant,
345 1707 470 1749 nosti
493 1712 711 1759 ventura,
739 1712 793 1758 ,et
815 1720 908 1748 non
934 1720 1049 1762 opus
1077 1713 1148 1766 est
1171 1709 1277 1760 tibi,
1303 1715 1355 1750 ut

17 1781 118 1835 quis
134 1785 182 1820 te
201 1779 370 1821 doceat
387 1782 467 1818 aut
484 1777 733 1819 admoneat
751 1777 808 1819 de
826 1776 912 1829 his,
933 1790 1051 1832 quae
1069 1783 1290 1833 geruntur
1305 1780 1352 1819 in

15 1855 157 1891 terra.
219 1851 292 1890 Tu
309 1849 415 1899 scis,
435 1848 545 1903 quid
564 1847 751 1901 expedit
768 1847 826 1888 ad
843 1847 1104 1902 profectum
1121 1862 1287 1900 meum,
1308 1855 1354 1890 et

19 1925 238 1975 quantum
263 1919 468 1960 deservit
489 1918 728 1959 tribulatio
763 1919 822 1960 ad
851 1919 1111 1974 rubiginem
1136 1920 1351 1960 vitiorum

15 1988 318 2045 purgandam.
371 1989 468 2030 Fac
483 2001 663 2030 mecum
680 1988 994 2030 desideratum
1009 1988 1353 2042 beneplacitum

14 2065 164 2111 tuum,
200 2064 247 2101 et
277 2072 334 2100 ne
362 2059 592 2112 despicias
618 2059 990 2112 peccaminosam
1015 2059 1158 2098 vitam
1183 2071 1348 2109 meam,

15 2130 127 2170 nulli
146 2130 312 2170 melius
332 2143 416 2171 nec
434 2129 619 2178 clarius,
640 2141 776 2183 quam
793 2129 877 2170 tibi
895 2129 983 2170 soli
1002 2132 1172 2169 notam.

109 2273 141 2302 5.
169 2268 270 2303 Tob.
292 2271 346 2309 13,
364 2272 398 2302 2.
