1530 2517
151 105 203 146 96
550 104 634 141 DE
675 102 1071 141 IMITATIONE

567 310 828 357 CAPUT
895 309 1052 354 VIII.

223 425 293 467 De
326 426 413 467 vili?
432 424 739 467 aestimatione
772 422 842 464 sui
874 422 1009 478 ipsius
1039 422 1087 463 in
1120 421 1252 463 oeulis
1285 419 1385 462 Dei.

228 562 268 600 1.
299 543 538 614 Loquar
570 558 637 599 ad
667 556 963 599 Dominum
993 568 1190 607 meum,
1218 567 1334 596 cum
1365 555 1463 594 sim

145 633 332 686 pulvis
367 636 421 673 et
452 632 608 673 cinis.
670 630 721 673 Si
735 642 807 670 me
826 629 1017 683 amplius
1032 633 1307 683 reputavere
1321 659 1332 679 ,
1359 640 1465 670 ecce

144 709 195 743 tu
219 708 314 743 stas
342 706 502 744 contra
524 714 621 752 me,
650 706 696 742 et
713 700 868 741 dicunt
884 700 1195 741 testimonium
1209 712 1367 740 verum
1383 699 1465 739 ini-

146 774 343 827 quitates
361 784 514 822 meae,
541 784 628 812 nec
642 782 830 825 possum
857 769 1186 810 contradicere.
1248 769 1298 811 Si
1315 775 1465 810 autem

145 856 218 883 me
234 842 515 883 vilificavero
544 846 591 882 et
616 841 674 881 ad
698 839 890 881 nihilum
911 840 1163 894 redegero,
1192 844 1238 880 et
1262 840 1317 880 ab
1345 841 1468 880 omni

146 913 335 966 propria
349 912 641 965 reputatione
661 909 899 959 defecero,
927 915 1079 964 atque,
1098 910 1216 950 sicut
1232 922 1352 961 sum,
1371 910 1467 963 pul·
1494 919 1495 923 ’

145 983 413 1023 verizavero
427 1012 438 1032 ,
474 981 562 1022 erit
590 978 703 1020 mihi
727 980 927 1033 propitia
957 981 1109 1034 gratia
1138 984 1219 1019 tua
1250 985 1297 1020 et
1319 980 1469 1020 vicina

77 1052 82 1056 ’
149 1053 278 1094 cordi
294 1065 396 1093 meo
409 1052 489 1091 lux
504 1055 605 1100 tua3
627 1054 672 1090 et
689 1050 834 1090 omnis
853 1050 1129 1100 aestimatio,
1144 1050 1468 1103 quantulacun-

152 1135 235 1176 que
252 1123 460 1171 minima,
488 1122 533 1160 in
552 1119 671 1160 valle
690 1119 957 1160 nihileitatis
979 1132 1110 1160 meae
1134 1120 1467 1173 submergetur,

151 1198 194 1233 et
212 1192 377 1246 peribit
400 1192 447 1231 in
472 1195 722 1232 aeternum.
782 1190 851 1230 lbi
878 1189 1080 1230 ostendis
1105 1202 1178 1230 me
1201 1188 1334 1240 mihi,
1362 1190 1469 1243 quid

157 1275 267 1312 sum,
295 1260 403 1315 quid
426 1260 494 1301 fui
519 1266 565 1301 et
589 1273 677 1314 quo
706 1260 889 1301 deveni:
931 1260 1037 1314 quia
1067 1258 1213 1300 nihil
1244 1272 1381 1310 sum,
1417 1265 1471 1300 et

147 1347 174 1371 n
189 1332 377 1373 escivi.
440 1330 489 1372 Si
513 1329 625 1371 mihi
640 1331 730 1384 ipsi
751 1330 1011 1384 relinquor,
1039 1342 1145 1371 ecce
1169 1327 1284 1370 nihil
1311 1334 1357 1370 et
1371 1334 1470 1370 tota

154 1402 409 1451 infirmitas3
429 1401 469 1441 si
486 1406 638 1443 autem
656 1400 808 1445 subito
825 1412 898 1441 me
913 1400 1188 1453 respexeris,
1208 1400 1361 1440 statim
1377 1399 1469 1440 for-

148 1474 203 1513 tis
223 1472 399 1513 efficior
417 1476 462 1512 et
477 1484 596 1512 novo
613 1470 802 1524 repleor
817 1470 1004 1524 gaudio.
1063 1470 1123 1511 Et
1138 1472 1301 1511 mirum
1318 1470 1466 1520 valde,

147 1542 270 1597 quod
296 1543 362 1583 sic
384 1546 574 1595 repente
601 1541 818 1583 sublevor
843 1545 888 1581 et
904 1544 997 1580 tam
1012 1540 1209 1594 benigne
1236 1544 1324 1581 ate
1348 1553 1467 1581 com-

144 1613 336 1667 plector,
358 1614 434 1666 qui
452 1612 640 1666 proprio
659 1610 863 1665 pondere
881 1623 1062 1664 semper
1080 1611 1138 1650 ad
1153 1611 1245 1651 ima
1261 1609 1401 1651 feror.

227 1685 267 1722 2.
299 1683 431 1723 Facit
447 1682 536 1723 hoc
554 1694 683 1722 amor
699 1686 825 1732 tuus,
852 1681 996 1735 gratis
1014 1681 1313 1733 praeveniens
1330 1692 1402 1720 me
1422 1684 1467 1720 et

141 1754 188 1793 in
212 1758 306 1793 tam
328 1752 482 1793 multis
508 1752 779 1792 subveniens
804 1750 1178 1800 necessitatibus,
1207 1763 1234 1790 a
1251 1749 1464 1803 gravibus

144 1835 325 1877 quoque
345 1821 608 1863 custodiens
625 1834 696 1862 me
714 1820 954 1875 periculis,
984 1825 1030 1862 et
1048 1821 1102 1861 ab
1120 1820 1390 1870 innumeris,
1415 1824 1466 1859 ut

141 1905 249 1932 vere
292 1891 461 1943 dicam,
505 1891 702 1945 eripiens
741 1890 891 1931 malis.
964 1891 1042 1931 Me
1081 1889 1307 1944 siquidem
1343 1889 1462 1929 male

143 1961 338 2002 amando
365 1974 436 2002 me
462 1961 663 2016 perdidi,
693 1965 739 2002 et
761 1966 807 2002 te
834 1961 982 2002 solum
1002 1959 1262 2015 quaerendo
1291 1965 1337 2000 et
1351 1972 1463 2013 pure

144 2031 338 2072 amando
357 2044 429 2073 me
449 2036 495 2073 et
509 2036 555 2072 te
572 2032 745 2085 pariter
760 2031 936 2082 inveni,
956 2035 1092 2085 atque
1112 2042 1168 2071 ex
1187 2042 1342 2071 amore
1359 2042 1464 2083 pro-

140 2101 326 2142 fundius
346 2101 404 2141 ad
422 2100 610 2142 nihilum
627 2113 699 2142 me
715 2101 899 2155 redegi:
935 2101 1042 2155 quia
1057 2105 1120 2151 tu,
1142 2112 1167 2140 o
1188 2099 1463 2151 dulcissime,

235 2245 266 2275 1.
297 2240 431 2275 Geues-
453 2244 506 2281 18,
527 2244 582 2275 17.
632 2240 773 2275 Psalm.
792 2244 836 2275 72
857 2241 951 2286 (73),
971 2244 1028 2275 21.
