1530 2517
181 119 262 161 150
579 117 661 153 DE
699 119 1101 156 IMITATIONE

263 219 303 256 2.
335 216 471 257 Domi
480 227 548 265 ne,
562 215 674 256 satis
685 214 881 268 libenter
890 216 975 256 tibi
992 228 1147 259 omnes
1158 231 1234 260 res
1247 223 1496 273 committo,

180 290 289 344 quia
305 299 465 341 parum
481 290 638 339 potest
654 286 874 340 cogitatio
892 299 997 327 mea
1011 289 1251 341 proficere.
1317 291 1499 333 Utinam

178 372 271 400 non
295 358 488 398 multum
513 354 814 397 adhaererem
837 355 1002 398 futuris
1037 360 1292 411 eventibus,
1326 362 1407 402 sed
1441 363 1498 403 ad

177 430 516 484 beneplacitum
531 432 661 467 tuum
675 428 990 469 incunctanter
1004 441 1077 470 me
1096 429 1327 472 offerrem.

263 503 302 543 3.
333 501 436 552 Fili,
455 511 594 554 saepe
611 497 748 539 homo
765 510 864 539 rem
881 498 1080 553 aliquam
1089 499 1383 543 vehementer
1399 504 1494 558 agi-

174 576 256 622 tat,
277 583 412 625 quam
429 569 663 611 desiderat
671 582 682 620 3
709 568 791 610 sed
808 581 908 610 cum
926 569 984 610 ad
1004 575 1104 611 eam
1119 573 1393 624 pervenerit,
1414 573 1493 613 ali-

173 647 247 683 ter
271 641 440 682 sentire
464 640 643 693 incipit:
679 640 787 694 quia
813 638 1082 682 affectiones
1109 642 1230 683 circa
1252 642 1375 683 idem
1403 655 1495 683 non

175 717 281 753 sunt
297 710 551 762 durabiles,
579 709 661 751 sed
676 710 823 764 magis
843 709 898 752 de
915 723 1006 752 uno
1025 711 1084 752 ad
1101 711 1226 751 aliud
1241 712 1492 765 impellunt.

171 783 277 825 Non
303 787 373 823 est
397 793 508 835 ergo
533 770 790 831 minimum,
818 781 956 822 etiam
979 781 1026 821 in
1049 782 1245 822 minimis
1270 794 1320 823 se
1344 782 1492 835 ipsum

171 855 447 909 relinquere.

256 925 296 964 4.
326 924 475 966 Verus
513 921 749 975 profectus
789 921 985 964 hominis
1028 926 1097 963 est
1136 922 1381 976 abnegatio
1421 923 1491 962 sui
1518 934 1526 970 ᾗ

170 996 338 1049 ipsius,
364 998 409 1035 et
424 992 561 1033 homo
583 993 833 1047 abnegatus
851 992 985 1033 valde
1003 992 1122 1033 liber
1138 997 1208 1033 est
1226 999 1272 1033 et
1286 1005 1489 1034 securus.

173 1066 266 1108 Sed
290 1065 500 1119 antiquus
518 1061 663 1104 hostis
690 1064 896 1104 omnibus
913 1063 1047 1104 bonis
1073 1062 1319 1104 adversans
1346 1074 1373 1102 a
1395 1067 1493 1103 ten·
1514 1051 1525 1097 f

170 1137 348 1176 tatione
371 1147 463 1175 non
489 1137 658 1184 cessat,
685 1133 767 1174 sed
784 1133 857 1174 die
874 1137 1102 1187 noctuque
1125 1145 1288 1187 graves
1305 1132 1495 1173 molitur
1515 1149 1518 1151 >

170 1204 385 1256 insidias,
408 1204 448 1245 si
463 1203 585 1244 forte
602 1204 649 1243 in
665 1203 880 1257 laqueum
898 1203 1180 1257 deceptionis
1197 1203 1346 1256 possit
1360 1215 1491 1256 prae·
1516 1190 1518 1192 V

172 1276 364 1329 cipitare
380 1274 626 1315 incautum.
685 1273 945 1328 Vigilate
979 1277 1033 1315 et
1058 1276 1239 1324 orate,
1271 1271 1382 1314 dicit
1396 1273 1490 1314 Do·
1518 1282 1528 1342 Ξ

170 1347 340 1397 minus,
376 1349 435 1386 ut
464 1357 571 1386 non
602 1345 839 1386 intretis
869 1343 925 1385 in
955 1344 1347 1394 tentationem,
1514 1344 1525 1357 ·“

1520 1089 1528 1155 Ξ

662 1497 991 1521 “ogo-...-

616 1759 875 1808 CAPUT
921 1761 1046 1810 XL.

236 1874 367 1928 Quod
398 1874 527 1916 homo
559 1874 672 1916 nihil
701 1874 805 1915 boni
834 1888 886 1916 ex
915 1890 961 1919 se
990 1875 1126 1917 hal-et
1153 1882 1197 1917 et
1226 1876 1276 1917 de
1306 1877 1420 1918 nullo

631 1944 828 2001 gloriari
854 1952 1016 2000 potest.
1512 1943 1524 2001 ἰ,

249 2079 291 2119 1.
322 2063 599 2129 Domine,
628 2078 759 2133 quid
790 2083 874 2119 est
901 2077 1085 2130 homo,
1112 2079 1257 2134 quod
1281 2092 1486 2120 memor
1524 2075 1530 2114 Σ

167 2164 223 2193 es
265 2153 412 2207 ejus,
455 2156 550 2193 aut
589 2150 755 2192 filius
797 2149 1063 2204 hominis,
1113 2155 1242 2207 quia
1282 2154 1483 2195 visitas

255 2268 289 2297 4.
317 2262 454 2297 Matth.
473 2264 530 2303 26,
549 2267 606 2298 41.
631 2283 678 2290 -—-
727 2268 759 2298 1.
786 2263 928 2298 Psalm.
947 2267 980 2304 8,
998 2267 1031 2300 6.
