<?xml version="1.0" encoding="UTF-8"?>
<!DOCTYPE html PUBLIC "-//W3C//DTD XHTML 1.0 Transitional//EN"
    "http://www.w3.org/TR/xhtml1/DTD/xhtml1-transitional.dtd">
<html xmlns="http://www.w3.org/1999/xhtml" xml:lang="en" lang="en">
 <head>
  <title>
</title>
<meta http-equiv="Content-Type" content="text/html;charset=utf-8" />
  <meta name='ocr-system' content='tesseract 3.04.00' />
  <meta name='ocr-capabilities' content='ocr_page ocr_carea ocr_par ocr_line ocrx_word'/>
</head>
<body>
  <div class='ocr_page' id='page_1' title='image "./thomaekempisde00thom_0103.png"; bbox 0 0 1530 2517; ppageno 0'>
   <div class='ocr_carea' id='block_1_1' title="bbox 311 111 1357 157">
    <p class='ocr_par' dir='ltr' id='par_1_1' title="bbox 311 111 1357 157">
     <span class='ocr_line' id='line_1_1' title="bbox 311 111 1357 157; baseline -0.007 -1"><span class='ocrx_word' id='word_1_1' title='bbox 311 118 576 157; x_wconf 81' lang='lat' dir='ltr'>CHRISTI</span> <span class='ocrx_word' id='word_1_2' title='bbox 632 118 743 154; x_wconf 75' lang='lat' dir='ltr'><strong>Lm.</strong></span> <span class='ocrx_word' id='word_1_3' title='bbox 773 117 844 153; x_wconf 86' lang='lat'>111.</span> <span class='ocrx_word' id='word_1_4' title='bbox 886 116 1008 152; x_wconf 77' lang='lat' dir='ltr'><strong>CAP.</strong></span> <span class='ocrx_word' id='word_1_5' title='bbox 1039 116 1078 150; x_wconf 84' lang='lat'><strong>4.</strong></span> <span class='ocrx_word' id='word_1_6' title='bbox 1304 111 1357 151; x_wconf 90' lang='grc'><strong>87</strong></span> 
     </span>
    </p>
   </div>
   <div class='ocr_carea' id='block_1_2' title="bbox 30 208 1380 1948">
    <p class='ocr_par' dir='ltr' id='par_1_2' title="bbox 30 208 1369 1041">
     <span class='ocr_line' id='line_1_2' title="bbox 30 208 1361 273; baseline -0.007 -15"><span class='ocrx_word' id='word_1_7' title='bbox 30 218 93 259; x_wconf 86' lang='lat' dir='ltr'><strong>nil</strong></span> <span class='ocrx_word' id='word_1_8' title='bbox 108 217 401 273; x_wconf 84' lang='lat' dir='ltr'><strong>reputatione</strong></span> <span class='ocrx_word' id='word_1_9' title='bbox 419 217 644 270; x_wconf 80' lang='lat' dir='ltr'><strong>appareat</strong></span> <span class='ocrx_word' id='word_1_10' title='bbox 660 212 860 267; x_wconf 86' lang='lat' dir='ltr'><strong>dignum.</strong></span> <span class='ocrx_word' id='word_1_11' title='bbox 921 209 1049 253; x_wconf 91' lang='lat' dir='ltr'><strong>Nihil</strong></span> <span class='ocrx_word' id='word_1_12' title='bbox 1066 210 1227 261; x_wconf 90' lang='lat' dir='ltr'><strong>altum,</strong></span> <span class='ocrx_word' id='word_1_13' title='bbox 1246 208 1361 250; x_wconf 90' lang='lat' dir='ltr'><strong>nihil</strong></span> 
     </span>
     <span class='ocr_line' id='line_1_3' title="bbox 33 281 1361 336; baseline -0.007 -8"><span class='ocrx_word' id='word_1_14' title='bbox 33 301 137 331; x_wconf 71' lang='lat' dir='ltr'><strong>vere</strong></span> <span class='ocrx_word' id='word_1_15' title='bbox 162 286 396 329; x_wconf 86' lang='lat' dir='ltr'>laudabile</span> <span class='ocrx_word' id='word_1_16' title='bbox 422 290 468 327; x_wconf 86' lang='lat' dir='ltr'><strong>et</strong></span> <span class='ocrx_word' id='word_1_17' title='bbox 494 282 827 334; x_wconf 77' lang='lat' dir='ltr'><strong>desiderabile,</strong></span> <span class='ocrx_word' id='word_1_18' title='bbox 862 282 949 323; x_wconf 89' lang='lat' dir='ltr'><strong>nisi</strong></span> <span class='ocrx_word' id='word_1_19' title='bbox 976 281 1099 336; x_wconf 91' lang='lat' dir='ltr'><strong>quod</strong></span> <span class='ocrx_word' id='word_1_20' title='bbox 1123 286 1361 323; x_wconf 88' lang='lat' dir='ltr'><strong>aeternum</strong></span> 
     </span>
     <span class='ocr_line' id='line_1_4' title="bbox 34 349 1361 410; baseline -0.006 -11"><span class='ocrx_word' id='word_1_21' title='bbox 34 363 117 399; x_wconf 88' lang='lat' dir='ltr'><strong>est.</strong></span> <span class='ocrx_word' id='word_1_22' title='bbox 177 357 368 399; x_wconf 79' lang='lat' dir='ltr'><strong>Placeat</strong></span> <span class='ocrx_word' id='word_1_23' title='bbox 389 356 475 398; x_wconf 91' lang='lat' dir='ltr'><strong>tibi</strong></span> <span class='ocrx_word' id='word_1_24' title='bbox 498 368 636 410; x_wconf 87' lang='lat' dir='ltr'><strong>super</strong></span> <span class='ocrx_word' id='word_1_25' title='bbox 660 354 814 395; x_wconf 89' lang='lat' dir='ltr'><strong>omnia</strong></span> <span class='ocrx_word' id='word_1_26' title='bbox 832 357 1021 395; x_wconf 87' lang='lat' dir='ltr'><strong>aeterna</strong></span> <span class='ocrx_word' id='word_1_27' title='bbox 1035 352 1247 404; x_wconf 87' lang='lat' dir='ltr'><strong>Veritas,</strong></span> <span class='ocrx_word' id='word_1_28' title='bbox 1272 349 1361 392; x_wconf 85' lang='lat' dir='ltr'><strong>dis-</strong></span> 
     </span>
     <span class='ocr_line' id='line_1_5' title="bbox 32 421 1365 483; baseline -0.006 -14"><span class='ocrx_word' id='word_1_29' title='bbox 32 428 204 483; x_wconf 86' lang='lat' dir='ltr'><strong>pliceat</strong></span> <span class='ocrx_word' id='word_1_30' title='bbox 228 427 314 468; x_wconf 86' lang='lat' dir='ltr'><strong>tibi</strong></span> <span class='ocrx_word' id='word_1_31' title='bbox 341 439 523 481; x_wconf 85' lang='lat' dir='ltr'><strong>semper</strong></span> <span class='ocrx_word' id='word_1_32' title='bbox 545 430 627 467; x_wconf 86' lang='lat' dir='ltr'><strong>tua</strong></span> <span class='ocrx_word' id='word_1_33' title='bbox 649 424 851 466; x_wconf 77' lang='lat' dir='ltr'><strong>maxima</strong></span> <span class='ocrx_word' id='word_1_34' title='bbox 873 423 1042 464; x_wconf 83' lang='lat' dir='ltr'><strong>vilitas.</strong></span> <span class='ocrx_word' id='word_1_35' title='bbox 1102 422 1178 465; x_wconf 90' lang='lat' dir='ltr'><strong>Nil</strong></span> <span class='ocrx_word' id='word_1_36' title='bbox 1213 422 1280 463; x_wconf 90' lang='lat' dir='ltr'><strong>sic</strong></span> <span class='ocrx_word' id='word_1_37' title='bbox 1309 421 1365 462; x_wconf 89' lang='lat' dir='ltr'><strong>ti-</strong></span> 
     </span>
     <span class='ocr_line' id='line_1_6' title="bbox 35 494 1367 552; baseline -0.005 -12"><span class='ocrx_word' id='word_1_38' title='bbox 35 511 187 550; x_wconf 82' lang='lat' dir='ltr'><strong>meas,</strong></span> <span class='ocrx_word' id='word_1_39' title='bbox 215 498 282 539; x_wconf 91' lang='lat' dir='ltr'><strong>sic</strong></span> <span class='ocrx_word' id='word_1_40' title='bbox 304 498 538 552; x_wconf 82' lang='lat' dir='ltr'><strong>vituperes</strong></span> <span class='ocrx_word' id='word_1_41' title='bbox 566 501 612 538; x_wconf 81' lang='lat' dir='ltr'><strong>et</strong></span> <span class='ocrx_word' id='word_1_42' title='bbox 634 495 811 550; x_wconf 89' lang='lat' dir='ltr'><strong>fugias,</strong></span> <span class='ocrx_word' id='word_1_43' title='bbox 839 495 960 536; x_wconf 88' lang='lat' dir='ltr'><strong>sicut</strong></span> <span class='ocrx_word' id='word_1_44' title='bbox 973 494 1087 535; x_wconf 76' lang='lat' dir='ltr'><strong>vitia</strong></span> <span class='ocrx_word' id='word_1_45' title='bbox 1113 498 1159 534; x_wconf 88' lang='lat' dir='ltr'><strong>et</strong></span> <span class='ocrx_word' id='word_1_46' title='bbox 1173 496 1367 547; x_wconf 86' lang='lat' dir='ltr'><strong>peccata</strong></span> 
     </span>
     <span class='ocr_line' id='line_1_7' title="bbox 34 562 1369 624; baseline -0.005 -14"><span class='ocrx_word' id='word_1_47' title='bbox 34 575 137 621; x_wconf 90' lang='lat' dir='ltr'><strong>tua,</strong></span> <span class='ocrx_word' id='word_1_48' title='bbox 173 580 291 624; x_wconf 89' lang='lat' dir='ltr'><strong>quae</strong></span> <span class='ocrx_word' id='word_1_49' title='bbox 313 568 462 623; x_wconf 88' lang='lat' dir='ltr'><strong>magis</strong></span> <span class='ocrx_word' id='word_1_50' title='bbox 489 566 734 621; x_wconf 85' lang='lat' dir='ltr'><strong>displicere</strong></span> <span class='ocrx_word' id='word_1_51' title='bbox 759 565 951 617; x_wconf 90' lang='lat' dir='ltr'><strong>debent,</strong></span> <span class='ocrx_word' id='word_1_52' title='bbox 980 576 1115 620; x_wconf 89' lang='lat' dir='ltr'><strong>quam</strong></span> <span class='ocrx_word' id='word_1_53' title='bbox 1134 562 1369 618; x_wconf 80' lang='lat' dir='ltr'><strong>quaelibet</strong></span> 
     </span>
     <span class='ocr_line' id='line_1_8' title="bbox 33 635 1367 687; baseline -0.007 -5"><span class='ocrx_word' id='word_1_54' title='bbox 33 652 189 683; x_wconf 86' lang='lat' dir='ltr'><strong>rerum</strong></span> <span class='ocrx_word' id='word_1_55' title='bbox 214 638 395 680; x_wconf 89' lang='lat' dir='ltr'><strong>damna.</strong></span> <span class='ocrx_word' id='word_1_56' title='bbox 458 635 655 687; x_wconf 78' lang='lat' dir='ltr'><strong>Quidam</strong></span> <span class='ocrx_word' id='word_1_57' title='bbox 679 649 771 678; x_wconf 91' lang='lat' dir='ltr'><strong>non</strong></span> <span class='ocrx_word' id='word_1_58' title='bbox 797 637 975 678; x_wconf 87' lang='lat' dir='ltr'><strong>sincere</strong></span> <span class='ocrx_word' id='word_1_59' title='bbox 1003 647 1159 677; x_wconf 90' lang='lat' dir='ltr'><strong>coram</strong></span> <span class='ocrx_word' id='word_1_60' title='bbox 1181 645 1256 675; x_wconf 90' lang='lat' dir='ltr'><strong>me</strong></span> <span class='ocrx_word' id='word_1_61' title='bbox 1275 645 1367 673; x_wconf 83' lang='lat' dir='ltr'><strong>am·</strong></span> 
     </span>
     <span class='ocr_line' id='line_1_9' title="bbox 35 703 1368 764; baseline -0.006 -12"><span class='ocrx_word' id='word_1_62' title='bbox 35 710 219 762; x_wconf 89' lang='lat' dir='ltr'><strong>bulant,</strong></span> <span class='ocrx_word' id='word_1_63' title='bbox 245 709 328 751; x_wconf 90' lang='lat' dir='ltr'><strong>sed</strong></span> <span class='ocrx_word' id='word_1_64' title='bbox 354 706 553 764; x_wconf 87' lang='lat' dir='ltr'><strong>quadam</strong></span> <span class='ocrx_word' id='word_1_65' title='bbox 579 707 849 749; x_wconf 81' lang='lat' dir='ltr'><strong>curiositate</strong></span> <span class='ocrx_word' id='word_1_66' title='bbox 877 711 923 748; x_wconf 88' lang='lat' dir='ltr'><strong>et</strong></span> <span class='ocrx_word' id='word_1_67' title='bbox 949 704 1217 761; x_wconf 83' lang='lat' dir='ltr'><strong>arrogantia</strong></span> <span class='ocrx_word' id='word_1_68' title='bbox 1243 703 1368 745; x_wconf 87' lang='lat' dir='ltr'><strong>ducti</strong></span> 
     </span>
     <span class='ocr_line' id='line_1_10' title="bbox 35 775 1367 830; baseline -0.005 -8"><span class='ocrx_word' id='word_1_69' title='bbox 35 780 197 822; x_wconf 80' lang='lat' dir='ltr'><strong>volunt</strong></span> <span class='ocrx_word' id='word_1_70' title='bbox 221 783 403 822; x_wconf 86' lang='lat' dir='ltr'><strong>secreta</strong></span> <span class='ocrx_word' id='word_1_71' title='bbox 425 791 530 820; x_wconf 89' lang='lat' dir='ltr'><strong>mea</strong></span> <span class='ocrx_word' id='word_1_72' title='bbox 553 778 671 819; x_wconf 88' lang='lat' dir='ltr'><strong>scire</strong></span> <span class='ocrx_word' id='word_1_73' title='bbox 699 782 745 820; x_wconf 90' lang='lat' dir='ltr'><strong>et</strong></span> <span class='ocrx_word' id='word_1_74' title='bbox 769 777 865 819; x_wconf 85' lang='lat' dir='ltr'><strong>alta</strong></span> <span class='ocrx_word' id='word_1_75' title='bbox 886 777 978 819; x_wconf 90' lang='lat' dir='ltr'><strong>Dei</strong></span> <span class='ocrx_word' id='word_1_76' title='bbox 1001 775 1289 830; x_wconf 87' lang='lat' dir='ltr'><strong>intelligere,</strong></span> <span class='ocrx_word' id='word_1_77' title='bbox 1317 785 1367 815; x_wconf 86' lang='lat' dir='ltr'><strong>se</strong></span> 
     </span>
     <span class='ocr_line' id='line_1_11' title="bbox 37 847 1367 903; baseline -0.008 -10"><span class='ocrx_word' id='word_1_78' title='bbox 37 856 84 893; x_wconf 88' lang='lat' dir='ltr'><strong>et</strong></span> <span class='ocrx_word' id='word_1_79' title='bbox 108 863 239 892; x_wconf 90' lang='lat' dir='ltr'><strong>suam</strong></span> <span class='ocrx_word' id='word_1_80' title='bbox 263 849 460 892; x_wconf 85' lang='lat' dir='ltr'><strong>salutem</strong></span> <span class='ocrx_word' id='word_1_81' title='bbox 483 848 790 903; x_wconf 82' lang='lat' dir='ltr'><strong>negligentes.</strong></span> <span class='ocrx_word' id='word_1_82' title='bbox 850 849 914 890; x_wconf 91' lang='lat' dir='ltr'><strong>Hi</strong></span> <span class='ocrx_word' id='word_1_83' title='bbox 940 860 1080 902; x_wconf 85' lang='lat' dir='ltr'><strong>saepe</strong></span> <span class='ocrx_word' id='word_1_84' title='bbox 1104 847 1151 887; x_wconf 91' lang='lat' dir='ltr'><strong>in</strong></span> <span class='ocrx_word' id='word_1_85' title='bbox 1175 856 1367 899; x_wconf 85' lang='lat' dir='ltr'><strong>magnas</strong></span> 
     </span>
     <span class='ocr_line' id='line_1_12' title="bbox 36 917 1367 974; baseline -0.005 -13"><span class='ocrx_word' id='word_1_86' title='bbox 36 920 317 962; x_wconf 86' lang='lat' dir='ltr'><strong>tentationes</strong></span> <span class='ocrx_word' id='word_1_87' title='bbox 336 924 383 960; x_wconf 85' lang='lat' dir='ltr'><strong>et</strong></span> <span class='ocrx_word' id='word_1_88' title='bbox 391 925 584 974; x_wconf 88' lang='lat' dir='ltr'><strong>peccata</strong></span> <span class='ocrx_word' id='word_1_89' title='bbox 595 924 786 973; x_wconf 86' lang='lat' dir='ltr'><strong>propter</strong></span> <span class='ocrx_word' id='word_1_90' title='bbox 802 931 932 960; x_wconf 88' lang='lat' dir='ltr'><strong>suam</strong></span> <span class='ocrx_word' id='word_1_91' title='bbox 949 917 1213 972; x_wconf 87' lang='lat' dir='ltr'><strong>superbiam</strong></span> <span class='ocrx_word' id='word_1_92' title='bbox 1231 921 1277 957; x_wconf 88' lang='lat' dir='ltr'><strong>et</strong></span> <span class='ocrx_word' id='word_1_93' title='bbox 1294 928 1367 956; x_wconf 86' lang='lat' dir='ltr'><strong>cu-</strong></span> 
     </span>
     <span class='ocr_line' id='line_1_13' title="bbox 34 988 1042 1041; baseline -0.005 -7"><span class='ocrx_word' id='word_1_94' title='bbox 34 991 310 1041; x_wconf 84' lang='lat' dir='ltr'><strong>riositatem,</strong></span> <span class='ocrx_word' id='word_1_95' title='bbox 327 1002 400 1032; x_wconf 88' lang='lat' dir='ltr'><strong>me</strong></span> <span class='ocrx_word' id='word_1_96' title='bbox 419 989 485 1030; x_wconf 91' lang='lat' dir='ltr'><strong>eis</strong></span> <span class='ocrx_word' id='word_1_97' title='bbox 504 988 793 1041; x_wconf 86' lang='lat' dir='ltr'><strong>adversante,</strong></span> <span class='ocrx_word' id='word_1_98' title='bbox 811 989 1042 1030; x_wconf 85' lang='lat' dir='ltr'><strong>labuntur.</strong></span> 
     </span>
    </p>

    <p class='ocr_par' dir='ltr' id='par_1_3' title="bbox 39 1050 1380 1948">
     <span class='ocr_line' id='line_1_14' title="bbox 118 1050 1368 1115; baseline -0.006 -13"><span class='ocrx_word' id='word_1_99' title='bbox 118 1061 158 1102; x_wconf 88' lang='lat'><strong>5.</strong></span> <span class='ocrx_word' id='word_1_100' title='bbox 178 1061 311 1102; x_wconf 89' lang='lat' dir='ltr'><strong>Time</strong></span> <span class='ocrx_word' id='word_1_101' title='bbox 322 1059 611 1115; x_wconf 89' lang='lat' dir='ltr'><strong>judiciaDei,</strong></span> <span class='ocrx_word' id='word_1_102' title='bbox 621 1072 876 1114; x_wconf 84' lang='lat' dir='ltr'><strong>expavesce</strong></span> <span class='ocrx_word' id='word_1_103' title='bbox 889 1050 1007 1100; x_wconf 88' lang='lat' dir='ltr'><strong>iram</strong></span> <span class='ocrx_word' id='word_1_104' title='bbox 1018 1058 1147 1100; x_wconf 89' lang='lat' dir='ltr'><strong>Omni</strong></span> <span class='ocrx_word' id='word_1_105' title='bbox 1153 1056 1368 1111; x_wconf 90' lang='lat' dir='ltr'><strong>potentis.</strong></span> 
     </span>
     <span class='ocr_line' id='line_1_15' title="bbox 39 1126 1370 1184; baseline -0.006 -11"><span class='ocrx_word' id='word_1_106' title='bbox 39 1131 150 1173; x_wconf 92' lang='lat' dir='ltr'><strong>Noli</strong></span> <span class='ocrx_word' id='word_1_107' title='bbox 167 1135 318 1173; x_wconf 87' lang='lat' dir='ltr'><strong>autem</strong></span> <span class='ocrx_word' id='word_1_108' title='bbox 336 1131 566 1172; x_wconf 87' lang='lat' dir='ltr'><strong>discutere</strong></span> <span class='ocrx_word' id='word_1_109' title='bbox 585 1142 728 1184; x_wconf 89' lang='lat' dir='ltr'><strong>opera</strong></span> <span class='ocrx_word' id='word_1_110' title='bbox 736 1130 974 1180; x_wconf 89' lang='lat' dir='ltr'><strong>Altissimi‚</strong></span> <span class='ocrx_word' id='word_1_111' title='bbox 987 1128 1069 1170; x_wconf 89' lang='lat' dir='ltr'><strong>sed</strong></span> <span class='ocrx_word' id='word_1_112' title='bbox 1085 1133 1189 1168; x_wconf 83' lang='lat' dir='ltr'><strong>tuas</strong></span> <span class='ocrx_word' id='word_1_113' title='bbox 1206 1126 1370 1180; x_wconf 88' lang='lat' dir='ltr'><strong>iniqui-</strong></span> 
     </span>
     <span class='ocr_line' id='line_1_16' title="bbox 39 1196 1375 1256; baseline -0.005 -14"><span class='ocrx_word' id='word_1_114' title='bbox 39 1207 160 1244; x_wconf 87' lang='lat' dir='ltr'><strong>tates</strong></span> <span class='ocrx_word' id='word_1_115' title='bbox 176 1205 483 1256; x_wconf 80' lang='lat' dir='ltr'><strong>perscrutare,</strong></span> <span class='ocrx_word' id='word_1_116' title='bbox 493 1200 542 1241; x_wconf 92' lang='lat' dir='ltr'><strong>in</strong></span> <span class='ocrx_word' id='word_1_117' title='bbox 559 1201 739 1255; x_wconf 88' lang='lat' dir='ltr'><strong>quantis</strong></span> <span class='ocrx_word' id='word_1_118' title='bbox 758 1201 994 1256; x_wconf 87' lang='lat' dir='ltr'><strong>deliquisti</strong></span> <span class='ocrx_word' id='word_1_119' title='bbox 1013 1204 1059 1241; x_wconf 87' lang='lat' dir='ltr'><strong>et</strong></span> <span class='ocrx_word' id='word_1_120' title='bbox 1077 1210 1212 1254; x_wconf 88' lang='lat' dir='ltr'><strong>quam</strong></span> <span class='ocrx_word' id='word_1_121' title='bbox 1228 1196 1375 1237; x_wconf 85' lang='lat' dir='ltr'><strong>multa</strong></span> 
     </span>
     <span class='ocr_line' id='line_1_17' title="bbox 39 1267 1374 1328; baseline -0.005 -14"><span class='ocrx_word' id='word_1_122' title='bbox 39 1273 165 1315; x_wconf 87' lang='lat' dir='ltr'><strong>bona</strong></span> <span class='ocrx_word' id='word_1_123' title='bbox 181 1271 442 1328; x_wconf 83' lang='lat' dir='ltr'><strong>neglexisti.</strong></span> <span class='ocrx_word' id='word_1_124' title='bbox 503 1270 702 1321; x_wconf 77' lang='lat' dir='ltr'><strong>Quidam</strong></span> <span class='ocrx_word' id='word_1_125' title='bbox 718 1270 868 1312; x_wconf 91' lang='lat' dir='ltr'><strong>solum</strong></span> <span class='ocrx_word' id='word_1_126' title='bbox 884 1273 1072 1324; x_wconf 87' lang='lat' dir='ltr'><strong>portant</strong></span> <span class='ocrx_word' id='word_1_127' title='bbox 1089 1281 1216 1310; x_wconf 89' lang='lat' dir='ltr'><strong>suam</strong></span> <span class='ocrx_word' id='word_1_128' title='bbox 1236 1267 1374 1308; x_wconf 84' lang='lat' dir='ltr'><strong>devo-</strong></span> 
     </span>
     <span class='ocr_line' id='line_1_18' title="bbox 40 1338 1375 1396; baseline -0.005 -12"><span class='ocrx_word' id='word_1_129' title='bbox 40 1343 217 1385; x_wconf 85' lang='lat' dir='ltr'><strong>tionem</strong></span> <span class='ocrx_word' id='word_1_130' title='bbox 232 1344 280 1385; x_wconf 90' lang='lat' dir='ltr'><strong>in</strong></span> <span class='ocrx_word' id='word_1_131' title='bbox 289 1342 434 1393; x_wconf 86' lang='lat' dir='ltr'><strong>libris,</strong></span> <span class='ocrx_word' id='word_1_132' title='bbox 447 1341 633 1396; x_wconf 90' lang='lat' dir='ltr'><strong>quidam</strong></span> <span class='ocrx_word' id='word_1_133' title='bbox 648 1342 695 1382; x_wconf 91' lang='lat' dir='ltr'><strong>in</strong></span> <span class='ocrx_word' id='word_1_134' title='bbox 711 1341 1003 1396; x_wconf 88' lang='lat' dir='ltr'><strong>imaginibus,</strong></span> <span class='ocrx_word' id='word_1_135' title='bbox 1018 1338 1202 1394; x_wconf 88' lang='lat' dir='ltr'><strong>quidam</strong></span> <span class='ocrx_word' id='word_1_136' title='bbox 1222 1342 1375 1378; x_wconf 87' lang='lat' dir='ltr'><strong>autem</strong></span> 
     </span>
     <span class='ocr_line' id='line_1_19' title="bbox 41 1408 1374 1468; baseline -0.005 -14"><span class='ocrx_word' id='word_1_137' title='bbox 41 1413 90 1454; x_wconf 91' lang='lat' dir='ltr'><strong>in</strong></span> <span class='ocrx_word' id='word_1_138' title='bbox 107 1413 251 1468; x_wconf 85' lang='lat' dir='ltr'><strong>signis</strong></span> <span class='ocrx_word' id='word_1_139' title='bbox 271 1412 576 1455; x_wconf 85' lang='lat' dir='ltr'><strong>exterioribus</strong></span> <span class='ocrx_word' id='word_1_140' title='bbox 601 1416 648 1453; x_wconf 87' lang='lat' dir='ltr'><strong>et</strong></span> <span class='ocrx_word' id='word_1_141' title='bbox 663 1412 838 1466; x_wconf 84' lang='lat' dir='ltr'><strong>figuris.</strong></span> <span class='ocrx_word' id='word_1_142' title='bbox 901 1410 1098 1461; x_wconf 80' lang='lat' dir='ltr'><strong>Quidam</strong></span> <span class='ocrx_word' id='word_1_143' title='bbox 1115 1408 1203 1450; x_wconf 89' lang='lat' dir='ltr'><strong>hab</strong></span> <span class='ocrx_word' id='word_1_144' title='bbox 1211 1413 1287 1449; x_wconf 84' lang='lat' dir='ltr'><strong>ent</strong></span> <span class='ocrx_word' id='word_1_145' title='bbox 1301 1419 1374 1448; x_wconf 88' lang='lat' dir='ltr'><strong>me</strong></span> 
     </span>
     <span class='ocr_line' id='line_1_20' title="bbox 41 1477 1375 1534; baseline -0.006 -9"><span class='ocrx_word' id='word_1_146' title='bbox 41 1484 90 1524; x_wconf 90' lang='lat' dir='ltr'><strong>in</strong></span> <span class='ocrx_word' id='word_1_147' title='bbox 108 1496 212 1534; x_wconf 89' lang='lat' dir='ltr'><strong>ore,</strong></span> <span class='ocrx_word' id='word_1_148' title='bbox 239 1482 323 1524; x_wconf 92' lang='lat' dir='ltr'><strong>sed</strong></span> <span class='ocrx_word' id='word_1_149' title='bbox 345 1481 577 1524; x_wconf 89' lang='lat' dir='ltr'><strong>modicum</strong></span> <span class='ocrx_word' id='word_1_150' title='bbox 596 1486 667 1523; x_wconf 86' lang='lat' dir='ltr'><strong>est</strong></span> <span class='ocrx_word' id='word_1_151' title='bbox 680 1482 728 1523; x_wconf 86' lang='lat' dir='ltr'><strong>in</strong></span> <span class='ocrx_word' id='word_1_152' title='bbox 746 1481 901 1524; x_wconf 89' lang='lat' dir='ltr'><strong>corde.</strong></span> <span class='ocrx_word' id='word_1_153' title='bbox 963 1481 1079 1523; x_wconf 90' lang='lat' dir='ltr'><strong>Sunt</strong></span> <span class='ocrx_word' id='word_1_154' title='bbox 1096 1479 1196 1529; x_wconf 87' lang='lat' dir='ltr'><strong>alii,</strong></span> <span class='ocrx_word' id='word_1_155' title='bbox 1217 1478 1294 1533; x_wconf 88' lang='lat' dir='ltr'><strong>qui</strong></span> <span class='ocrx_word' id='word_1_156' title='bbox 1309 1477 1375 1518; x_wconf 90' lang='lat' dir='ltr'><strong>in-</strong></span> 
     </span>
     <span class='ocr_line' id='line_1_21' title="bbox 44 1551 1376 1607; baseline -0.004 -12"><span class='ocrx_word' id='word_1_157' title='bbox 44 1553 236 1595; x_wconf 89' lang='lat' dir='ltr'><strong>tellectu</strong></span> <span class='ocrx_word' id='word_1_158' title='bbox 251 1553 498 1594; x_wconf 85' lang='lat' dir='ltr'><strong>illuminati</strong></span> <span class='ocrx_word' id='word_1_159' title='bbox 515 1557 562 1594; x_wconf 87' lang='lat' dir='ltr'><strong>et</strong></span> <span class='ocrx_word' id='word_1_160' title='bbox 578 1551 749 1594; x_wconf 84' lang='lat' dir='ltr'><strong>affectu</strong></span> <span class='ocrx_word' id='word_1_161' title='bbox 764 1552 950 1607; x_wconf 87' lang='lat' dir='ltr'><strong>purgati</strong></span> <span class='ocrx_word' id='word_1_162' title='bbox 975 1551 1035 1592; x_wconf 92' lang='lat' dir='ltr'><strong>ad</strong></span> <span class='ocrx_word' id='word_1_163' title='bbox 1053 1555 1244 1593; x_wconf 87' lang='lat' dir='ltr'><strong>aeterna</strong></span> <span class='ocrx_word' id='word_1_164' title='bbox 1261 1561 1376 1591; x_wconf 89' lang='lat' dir='ltr'><strong>sem-</strong></span> 
     </span>
     <span class='ocr_line' id='line_1_22' title="bbox 48 1614 1377 1678; baseline -0.005 -13"><span class='ocrx_word' id='word_1_165' title='bbox 48 1614 130 1678; x_wconf 78' lang='lat' dir='ltr'><strong>per</strong></span> <span class='ocrx_word' id='word_1_166' title='bbox 148 1621 377 1675; x_wconf 88' lang='lat' dir='ltr'><strong>anhelant,</strong></span> <span class='ocrx_word' id='word_1_167' title='bbox 397 1622 453 1665; x_wconf 91' lang='lat' dir='ltr'><strong>de</strong></span> <span class='ocrx_word' id='word_1_168' title='bbox 470 1622 667 1664; x_wconf 86' lang='lat' dir='ltr'><strong>terrenis</strong></span> <span class='ocrx_word' id='word_1_169' title='bbox 685 1623 890 1677; x_wconf 87' lang='lat' dir='ltr'><strong>graviter</strong></span> <span class='ocrx_word' id='word_1_170' title='bbox 907 1620 1110 1672; x_wconf 89' lang='lat' dir='ltr'><strong>audiunt,</strong></span> <span class='ocrx_word' id='word_1_171' title='bbox 1127 1619 1377 1661; x_wconf 87' lang='lat' dir='ltr'><strong>necessita-</strong></span> 
     </span>
     <span class='ocr_line' id='line_1_23' title="bbox 47 1687 1380 1744; baseline -0.005 -9"><span class='ocrx_word' id='word_1_172' title='bbox 47 1695 168 1735; x_wconf 88' lang='lat' dir='ltr'><strong>tibus</strong></span> <span class='ocrx_word' id='word_1_173' title='bbox 184 1698 377 1736; x_wconf 79' lang='lat' dir='ltr'><strong>naturae</strong></span> <span class='ocrx_word' id='word_1_174' title='bbox 396 1693 609 1736; x_wconf 84' lang='lat' dir='ltr'><strong>dolenter</strong></span> <span class='ocrx_word' id='word_1_175' title='bbox 623 1693 898 1743; x_wconf 80' lang='lat' dir='ltr'><strong>inserviunt3</strong></span> <span class='ocrx_word' id='word_1_176' title='bbox 917 1695 964 1733; x_wconf 86' lang='lat' dir='ltr'><strong>et</strong></span> <span class='ocrx_word' id='word_1_177' title='bbox 975 1689 1024 1732; x_wconf 93' lang='lat' dir='ltr'><strong>hi</strong></span> <span class='ocrx_word' id='word_1_178' title='bbox 1040 1691 1256 1741; x_wconf 83' lang='lat' dir='ltr'><strong>sentiunt,</strong></span> <span class='ocrx_word' id='word_1_179' title='bbox 1269 1687 1380 1744; x_wconf 89' lang='lat' dir='ltr'><strong>quid</strong></span> 
     </span>
     <span class='ocr_line' id='line_1_24' title="bbox 47 1760 1378 1820; baseline -0.005 -14"><span class='ocrx_word' id='word_1_180' title='bbox 47 1765 236 1819; x_wconf 84' lang='lat' dir='ltr'><strong>spiritus</strong></span> <span class='ocrx_word' id='word_1_181' title='bbox 253 1765 462 1806; x_wconf 85' lang='lat' dir='ltr'><strong>veritatis</strong></span> <span class='ocrx_word' id='word_1_182' title='bbox 479 1764 685 1820; x_wconf 86' lang='lat' dir='ltr'><strong>loquitur</strong></span> <span class='ocrx_word' id='word_1_183' title='bbox 706 1764 755 1805; x_wconf 93' lang='lat' dir='ltr'><strong>in</strong></span> <span class='ocrx_word' id='word_1_184' title='bbox 781 1764 867 1805; x_wconf 88' lang='lat' dir='ltr'><strong>eis:</strong></span> <span class='ocrx_word' id='word_1_185' title='bbox 904 1761 1011 1816; x_wconf 87' lang='lat' dir='ltr'><strong>quia</strong></span> <span class='ocrx_word' id='word_1_186' title='bbox 1028 1760 1166 1803; x_wconf 87' lang='lat' dir='ltr'><strong>docet</strong></span> <span class='ocrx_word' id='word_1_187' title='bbox 1191 1773 1271 1802; x_wconf 91' lang='lat' dir='ltr'><strong>eos</strong></span> <span class='ocrx_word' id='word_1_188' title='bbox 1289 1764 1378 1800; x_wconf 86' lang='lat' dir='ltr'><strong>ter-</strong></span> 
     </span>
     <span class='ocr_line' id='line_1_25' title="bbox 46 1829 1377 1889; baseline -0.005 -13"><span class='ocrx_word' id='word_1_189' title='bbox 46 1847 161 1876; x_wconf 90' lang='lat' dir='ltr'><strong>rena</strong></span> <span class='ocrx_word' id='word_1_190' title='bbox 172 1834 411 1889; x_wconf 89' lang='lat' dir='ltr'><strong>despicere</strong></span> <span class='ocrx_word' id='word_1_191' title='bbox 430 1839 476 1876; x_wconf 81' lang='lat' dir='ltr'><strong>et</strong></span> <span class='ocrx_word' id='word_1_192' title='bbox 492 1847 648 1876; x_wconf 85' lang='lat' dir='ltr'><strong>amare</strong></span> <span class='ocrx_word' id='word_1_193' title='bbox 663 1833 902 1884; x_wconf 84' lang='lat' dir='ltr'><strong>coelestia,</strong></span> <span class='ocrx_word' id='word_1_194' title='bbox 911 1831 1127 1873; x_wconf 90' lang='lat' dir='ltr'><strong>mundum</strong></span> <span class='ocrx_word' id='word_1_195' title='bbox 1137 1829 1377 1885; x_wconf 86' lang='lat' dir='ltr'><strong>negligere</strong></span> 
     </span>
     <span class='ocr_line' id='line_1_26' title="bbox 51 1902 1029 1948; baseline -0.003 -2"><span class='ocrx_word' id='word_1_196' title='bbox 51 1909 97 1946; x_wconf 86' lang='lat' dir='ltr'><strong>et</strong></span> <span class='ocrx_word' id='word_1_197' title='bbox 114 1905 293 1948; x_wconf 89' lang='lat' dir='ltr'><strong>coelum</strong></span> <span class='ocrx_word' id='word_1_198' title='bbox 310 1909 411 1946; x_wconf 85' lang='lat' dir='ltr'><strong>tota</strong></span> <span class='ocrx_word' id='word_1_199' title='bbox 428 1905 502 1946; x_wconf 92' lang='lat' dir='ltr'><strong>die</strong></span> <span class='ocrx_word' id='word_1_200' title='bbox 521 1917 576 1946; x_wconf 89' lang='lat' dir='ltr'><strong>ac</strong></span> <span class='ocrx_word' id='word_1_201' title='bbox 591 1910 727 1948; x_wconf 91' lang='lat' dir='ltr'><strong>nocte</strong></span> <span class='ocrx_word' id='word_1_202' title='bbox 746 1902 1029 1946; x_wconf 87' lang='lat' dir='ltr'><strong>desiderare.</strong></span> 
     </span>
    </p>
   </div>
  </div>
 </body>
</html>
