1530 2517
325 142 587 180 CHRISTI
643 143 753 178 LIB.
784 143 815 178 Ι.
849 143 970 179 CAP.
1003 144 1040 180 3.
1058 145 1096 179 4.
1351 143 1375 184 9

34 233 240 279 -humiles
252 267 265 288 ‚
305 237 411 278 ideo
454 243 732 280 evanescunt
770 239 818 278 in
859 239 1220 293 cogitationibus
1261 243 1371 282 suis.

41 307 166 349 Vere
203 319 396 362 magnus
437 313 527 359 est,
570 309 648 363 qui
684 320 897 363 magnam
937 307 1077 351 habet
1117 311 1370 353 caritatem.

40 377 165 419 Vere
188 389 380 432 magnus
407 383 497 429 est,
526 379 602 433 qui
625 379 673 419 in
698 391 747 420 se
771 391 939 433 parvus
968 384 1038 420 est
1056 385 1101 421 et
1123 393 1206 434 pro
1225 380 1369 423 nihilo

40 458 175 488 omne
201 447 381 488 culmen
405 446 594 490 honoris
614 449 752 491 (lucit.
811 450 934 492 Vere
952 450 1151 504 prudens
1173 456 1263 503 est,
1292 454 1371 508 qui

40 518 194 558 omnia
209 521 396 559 terrena
414 519 733 560 arbitratur
756 523 815 560 ut
840 525 1123 572 stercora,
1141 526 1200 562 ut
1218 520 1368 564 Chri-

38 593 184 629 stum
214 588 569 630 lucrifaciat.
629 590 690 630 Et
705 603 812 631 vere
836 591 954 631 bene
982 591 1143 632 doctus
1172 597 1262 643 est,
1292 593 1369 647 qui

39 658 127 700 Dei
144 658 426 701 voluntatem
442 659 556 701 facit
574 664 620 701 et
635 673 764 701 suam
781 661 1063 703 voluntatem
1078 663 1309 717 relinquit·

495 1060 755 1108 CAPUT
816 1062 916 1107 IV.

353 1161 425 1203 De
448 1160 734 1216 providentia
770 1161 816 1203 in
849 1160 1047 1216 agendis.

122 1295 164 1335 1.
193 1275 250 1336 N
254 1307 313 1336 on
332 1299 402 1336 est
418 1294 694 1337 credendum
713 1294 835 1335 omni
851 1296 991 1336 verbo
1016 1308 1101 1336 nec
1116 1296 1365 1344 instinctui,

40 1367 124 1409 sed
150 1372 283 1409 caute
309 1372 355 1409 et
385 1367 712 1423 longanimiter
740 1380 816 1408 res
845 1373 915 1408 est
946 1368 1194 1409 secundum
1218 1369 1369 1409 Deum

38 1437 352 1492 ponderanda.
427 1436 553 1479 Proh
593 1436 748 1478 dolor!
796 1450 935 1490 saepe
966 1438 1136 1477 malum
1167 1437 1366 1487 facilius,

41 1521 176 1563 quam
198 1509 370 1550 bonum
396 1507 452 1549 de
479 1508 570 1548 alio
600 1507 802 1548 creditur
827 1513 874 1548 et
890 1507 1078 1558 dicitur3
1109 1508 1177 1547 ita
1200 1507 1370 1547 infirmi

40 1592 210 1620 sumus.
273 1578 366 1620 Sed
395 1577 593 1632 perfecti
623 1578 711 1617 viri
742 1590 834 1618 non
865 1576 1004 1618 facile
1031 1577 1221 1618 credunt
1246 1577 1369 1617 omni

43 1650 297 1699 enarranti,
325 1649 432 1703 quia
449 1649 598 1689 sciunt
613 1648 923 1688 infirmitatem
940 1646 1183 1687 humanam
1202 1646 1260 1687 ad
1275 1659 1369 1687 ma-

40 1720 135 1761 lum
151 1719 404 1773 proclivam
423 1720 531 1760 etin
547 1719 700 1759 verbis
718 1719 830 1759 satis
848 1718 1049 1759 labilem.

126 1807 166 1844 2.
197 1805 371 1857 Magna
381 1804 608 1857 sapientia
625 1814 716 1843 non
735 1814 836 1843 esse
853 1802 1152 1855 praecipitem
1167 1802 1215 1841 in
1233 1814 1370 1855 agen-

44 1876 137 1925 dis,
164 1887 249 1915 nec
271 1874 570 1927 pertinaciter
583 1873 631 1914 in
653 1872 853 1926 propriis
879 1875 1002 1913 stare
1020 1872 1242 1913 sensibus.
1303 1870 1372 1911 Ad

44 1945 162 1986 hanc
181 1945 318 1985 etiam
335 1944 536 1997 pertinet
557 1956 649 1983 non
667 1942 947 1997 quibuslibet
969 1941 1203 1983 hominum
1218 1942 1370 1982 verbis

47 2015 251 2066 credere,
262 2027 348 2055 nec
367 2013 523 2054 audita
537 2013 613 2054 vel
630 2012 806 2054 credita
821 2024 931 2053 mox
948 2012 1006 2052 ad
1024 2012 1220 2052 aliorum
1237 2023 1372 2051 aures

49 2085 301 2128 effundere.
364 2084 476 2126 Cum
494 2083 702 2137 sapiente
721 2087 768 2125 et
792 2083 1129 2124 conscientioso
1146 2082 1245 2122 viro
1267 2093 1371 2122 con-

47 2158 198 2197 silium
215 2154 350 2206 habe,
371 2159 418 2196 et
434 2166 603 2209 quaere
622 2154 774 2207 potius
793 2165 820 2193 a
835 2153 1028 2194 meliore
1045 2153 1224 2202 instrui,
1238 2164 1371 2205 quam

138 2300 168 2330 6.
192 2294 356 2339 Philipp.
374 2299 405 2334 3,
423 2299 454 2329 S.
