1530 2517
164 100 245 140 172
559 101 643 139 DE
681 103 1086 140 lMITATIONE

168 199 256 238 erit
281 198 432 238 anima
457 200 579 239 servi
603 199 670 239 tui
694 198 833 253 plena
857 198 1174 240 modulatione
1200 203 1248 240 et
1265 199 1431 241 devota
1449 202 1494 241 in

165 267 305 309 laude
329 272 424 308 tua.
486 267 578 309 Sed
604 270 644 309 si
666 274 712 310 te
739 269 1047 320 subtraxeris,
1081 270 1200 310 sicut
1225 269 1494 323 saepissime

164 337 304 388 soles,
315 349 409 378 non
424 339 597 391 poterit
615 352 800 380 currere
818 340 939 379 viam
954 338 1277 380 mandatorum
1293 344 1491 391 tuorum,

163 406 247 447 sed
262 408 410 450 magis
430 407 488 447 ad
503 408 784 449 tundendum
799 413 958 462 pectus
970 421 1118 462 genua
1140 409 1238 463 ejus
1254 410 1493 450 incurvan-

162 482 256 517 tur:
292 478 400 531 quia
431 490 523 518 non
557 484 628 518 est
657 479 727 518 illi
759 479 879 519 sicut
911 477 1012 520 heri
1045 484 1091 520 et
1121 479 1287 520 nudius
1313 480 1493 530 tertius,

165 547 347 600 quando
374 547 648 601 splendebat
671 548 860 589 lucerna
885 553 965 588 tua
990 560 1128 602 super
1146 553 1283 602 caput
1302 549 1422 603 ejus,
1451 556 1497 590 et

163 617 245 658 sub
272 618 435 658 umbra
461 618 637 658 alarum
660 623 842 659 tuarum
867 619 1201 673 protegebatur
1228 631 1255 658 a
1275 620 1493 660 tentatio-

162 688 295 729 nibus
312 688 607 729 irruentibus.

249 767 288 808 3.
321 767 462 808 Pater
475 769 599 821 juste
619 773 665 809 et
682 780 864 821 semper
880 767 1134 819 laudande,
1151 768 1277 809 venit
1293 765 1422 819 hora,
1445 772 1497 808 ut

163 838 386 891 probetur
411 850 569 879 servus
593 842 714 878 tuus.
775 837 917 879 Pater
943 838 1160 889 amande,
1195 838 1382 892 dignum
1408 845 1493 888 est,

160 912 212 947 ut
227 905 315 948 hac
330 906 447 948 hora
462 908 666 961 patiatur
681 920 765 961 pro
784 912 831 948 te
850 908 1025 962 aliquid
1046 921 1205 950 servus
1222 913 1345 949 tuus.
1405 908 1492 949 Pa·

159 982 233 1018 ter
247 982 471 1031 perpetuo
488 977 766 1029 venerande,
779 968 904 1019 venit
921 977 1051 1029 hora,
1071 990 1207 1032 quam
1225 978 1281 1019 ab
1300 983 1490 1019 aeterno

159 1048 455 1101 praesciebas
482 1046 752 1099 affuturam,
777 1040 829 1088 ut
854 1048 913 1088 ad
936 1048 1168 1089 modicum
1183 1053 1364 1103 tempus
1390 1062 1490 1090 suc-

162 1118 345 1158 cumbat
360 1116 476 1159 foris
495 1130 653 1159 servus
669 1122 777 1159 tuus
788 1147 801 1169 ,
826 1117 953 1158 vivat
966 1131 1077 1159 vero
1105 1131 1287 1173 semper
1305 1118 1426 1173 apud
1442 1124 1490 1160 te

157 1189 303 1239 intus3
333 1188 570 1241 paululum
584 1187 915 1241 vilipendatur,
940 1186 1208 1231 humilietur
1233 1193 1281 1230 et
1305 1188 1492 1229 deficiat

161 1270 319 1299 coram
335 1256 618 1309 hominibus,
639 1258 934 1312 passionibus
952 1262 1219 1299 conteratur
1236 1263 1283 1300 et
1297 1258 1490 1312 languo-

157 1329 302 1379 ribus,
313 1333 365 1368 ut
379 1328 546 1369 iterum
562 1332 715 1369 tecum
730 1328 778 1369 in
796 1340 967 1369 aurora
982 1341 1132 1370 novae
1149 1328 1265 1370 lucis
1275 1334 1492 1382 resurgat

162 1404 207 1439 et
231 1399 279 1439 in
304 1398 584 1440 coelestibus
611 1398 915 1440 clareficetur.
975 1399 1116 1440 Pater
1141 1403 1323 1450 sancte,
1348 1403 1400 1439 tu
1424 1399 1491 1440 sic

161 1469 388 1510 ordinasti
405 1476 451 1510 et
466 1470 534 1510 sic
552 1469 759 1510 voluistix
793 1472 840 1510 et
855 1467 946 1510 hoc
961 1468 1135 1511 factum
1153 1473 1237 1520 est,
1250 1465 1375 1523 quo'd
1389 1469 1489 1522 ipse

158 1540 451 1594 praecepisti.

243 1612 284 1651 4.
314 1611 448 1659 Haec
466 1614 537 1651 est
554 1610 674 1651 enim
692 1610 845 1664 gratia
866 1609 925 1650 ad
943 1610 1138 1651 amicum
1154 1614 1304 1660 tuum,
1330 1610 1428 1663 pati
1446 1613 1492 1650 et

157 1681 372 1729 tribulari
388 1681 435 1721 in
451 1680 620 1722 mundo
639 1693 723 1734 pro
744 1693 901 1721 amore
918 1685 1024 1732 tuo,
1055 1680 1416 1734 quotiescunque
1445 1685 1490 1720 et

159 1764 186 1792 a
213 1763 484 1805 quocunque
515 1750 565 1791 id
594 1751 861 1804 permiseris
894 1751 1009 1793 fieri.
1071 1749 1180 1792 Sine
1213 1750 1406 1792 consilio
1444 1754 1490 1791 et

156 1821 448 1875 providentia
464 1826 546 1861 tua
565 1825 611 1862 et
625 1822 725 1862 sine
744 1833 909 1862 caussa
924 1819 1042 1861 nihil
1057 1821 1110 1861 fit
1124 1821 1172 1860 in
1187 1816 1329 1861 terra.
1387 1819 1427 1861 B
1440 1831 1489 1859 0-

156 1904 279 1932 num
317 1889 476 1942 mihi,
516 1891 559 1932 D
574 1892 718 1932 omin
732 1904 779 1942 e,
830 1903 935 1945 quo
949 1890 978 1931 d
1019 1889 1342 1933 humiliasti
1379 1903 1459 1932 me
1473 1921 1486 1942 ‚

156 1966 214 2001 ut
262 1961 477 2002 discam
519 1961 990 2017 justificationes
1036 1966 1162 2003 tuas
1179 1992 1192 2013 ‚
1241 1966 1288 2003 et
1328 1973 1486 2002 omnes

157 2032 384 2072 elationes
404 2031 556 2072 cordis
575 2036 713 2085 atque
729 2033 1099 2085 praesumtiones
1118 2032 1348 2086 abjiciam.
1390 2031 1484 2072 Uti-

155 2102 200 2142 le
218 2101 343 2152 mihi,
364 2101 486 2155 quod
504 2101 715 2143 confusio
737 2103 980 2156 cooperuit
995 2101 1163 2145 faciem
1179 2113 1350 2152 meam,
1371 2106 1422 2141 ut
1436 2106 1483 2142 te

248 2247 279 2276 4.
309 2241 451 2276 Psalm.
473 2244 537 2275 118
558 2242 675 2285 (119),
695 2245 755 2275 τι.
