<?xml version="1.0" encoding="UTF-8"?>
<!DOCTYPE html PUBLIC "-//W3C//DTD XHTML 1.0 Transitional//EN"
    "http://www.w3.org/TR/xhtml1/DTD/xhtml1-transitional.dtd">
<html xmlns="http://www.w3.org/1999/xhtml" xml:lang="en" lang="en">
 <head>
  <title>
</title>
<meta http-equiv="Content-Type" content="text/html;charset=utf-8" />
  <meta name='ocr-system' content='tesseract 3.04.00' />
  <meta name='ocr-capabilities' content='ocr_page ocr_carea ocr_par ocr_line ocrx_word'/>
</head>
<body>
  <div class='ocr_page' id='page_1' title='image "./thomaekempisde00thom_0225.png"; bbox 0 0 1530 2517; ppageno 0'>
   <div class='ocr_carea' id='block_1_1' title="bbox 306 108 1338 149">
    <p class='ocr_par' dir='ltr' id='par_1_1' title="bbox 306 108 1338 149">
     <span class='ocr_line' id='line_1_1' title="bbox 306 108 1338 149; baseline 0.003 -3"><span class='ocrx_word' id='word_1_1' title='bbox 306 110 567 147; x_wconf 80' lang='lat' dir='ltr'><strong>CHRISTI</strong></span> <span class='ocrx_word' id='word_1_2' title='bbox 622 111 731 146; x_wconf 81' lang='lat' dir='ltr'><strong>LIB.</strong></span> <span class='ocrx_word' id='word_1_3' title='bbox 764 112 831 146; x_wconf 89' lang='lat' dir='ltr'>IV.</span> <span class='ocrx_word' id='word_1_4' title='bbox 865 111 987 147; x_wconf 76' lang='lat' dir='ltr'>CAP.</span> <span class='ocrx_word' id='word_1_5' title='bbox 1020 112 1056 147; x_wconf 87' lang='lat'>3.</span> <span class='ocrx_word' id='word_1_6' title='bbox 1256 108 1338 149; x_wconf 82' lang='lat'>209</span> 
     </span>
    </p>
   </div>
   <div class='ocr_carea' id='block_1_2' title="bbox 0 203 1346 1655">
    <p class='ocr_par' dir='ltr' id='par_1_2' title="bbox 8 203 1340 458">
     <span class='ocr_line' id='line_1_2' title="bbox 8 203 1339 262; baseline 0.001 -15"><span class='ocrx_word' id='word_1_7' title='bbox 8 203 88 247; x_wconf 42' lang='lat' dir='ltr'>lest</span> <span class='ocrx_word' id='word_1_8' title='bbox 102 218 193 247; x_wconf 90' lang='lat' dir='ltr'>una</span> <span class='ocrx_word' id='word_1_9' title='bbox 209 206 474 260; x_wconf 88' lang='lat' dir='ltr'>principalis</span> <span class='ocrx_word' id='word_1_10' title='bbox 492 205 642 246; x_wconf 87' lang='lat' dir='ltr'>fidelis</span> <span class='ocrx_word' id='word_1_11' title='bbox 669 206 848 247; x_wconf 83' lang='lat' dir='ltr'>animae</span> <span class='ocrx_word' id='word_1_12' title='bbox 876 206 1157 259; x_wconf 82' lang='lat' dir='ltr'>consolatio,</span> <span class='ocrx_word' id='word_1_13' title='bbox 1185 220 1339 262; x_wconf 87' lang='lat' dir='ltr'>quam-</span> 
     </span>
     <span class='ocr_line' id='line_1_3' title="bbox 16 276 1337 330; baseline 0.002 -14"><span class='ocrx_word' id='word_1_14' title='bbox 16 276 94 317; x_wconf 87' lang='lat' dir='ltr'>diu</span> <span class='ocrx_word' id='word_1_15' title='bbox 125 277 446 330; x_wconf 79' lang='lat' dir='ltr'>peregrinatur</span> <span class='ocrx_word' id='word_1_16' title='bbox 477 288 504 316; x_wconf 89' lang='lat' dir='ltr'>a</span> <span class='ocrx_word' id='word_1_17' title='bbox 534 281 581 317; x_wconf 89' lang='lat' dir='ltr'>te</span> <span class='ocrx_word' id='word_1_18' title='bbox 612 277 657 316; x_wconf 92' lang='lat' dir='ltr'>in</span> <span class='ocrx_word' id='word_1_19' title='bbox 689 276 876 317; x_wconf 81' lang='lat' dir='ltr'>mortali</span> <span class='ocrx_word' id='word_1_20' title='bbox 908 288 1126 330; x_wconf 89' lang='lat' dir='ltr'>corpore,</span> <span class='ocrx_word' id='word_1_21' title='bbox 1159 281 1210 317; x_wconf 86' lang='lat' dir='ltr'>ut</span> <span class='ocrx_word' id='word_1_22' title='bbox 1239 289 1337 319; x_wconf 90' lang='lat' dir='ltr'>sae-</span> 
     </span>
     <span class='ocr_line' id='line_1_4' title="bbox 14 346 1340 402; baseline 0.002 -15"><span class='ocrx_word' id='word_1_23' title='bbox 14 347 115 400; x_wconf 90' lang='lat' dir='ltr'>pius</span> <span class='ocrx_word' id='word_1_24' title='bbox 132 359 309 390; x_wconf 87' lang='lat' dir='ltr'>memor</span> <span class='ocrx_word' id='word_1_25' title='bbox 323 347 414 388; x_wconf 90' lang='lat' dir='ltr'>Dei</span> <span class='ocrx_word' id='word_1_26' title='bbox 434 347 504 387; x_wconf 90' lang='lat' dir='ltr'>sui</span> <span class='ocrx_word' id='word_1_27' title='bbox 528 346 745 387; x_wconf 85' lang='lat' dir='ltr'>dilectum</span> <span class='ocrx_word' id='word_1_28' title='bbox 770 359 900 387; x_wconf 90' lang='lat' dir='ltr'>suum</span> <span class='ocrx_word' id='word_1_29' title='bbox 927 347 1095 388; x_wconf 81' lang='lat' dir='ltr'>devota</span> <span class='ocrx_word' id='word_1_30' title='bbox 1119 347 1340 402; x_wconf 85' lang='lat' dir='ltr'>suscipiat</span> 
     </span>
     <span class='ocr_line' id='line_1_5' title="bbox 14 421 180 458; baseline 0.006 -2"><span class='ocrx_word' id='word_1_31' title='bbox 14 421 180 458; x_wconf 87' lang='lat' dir='ltr'>mente.</span> 
     </span>
    </p>

    <p class='ocr_par' dir='ltr' id='par_1_3' title="bbox 0 486 1346 1655">
     <span class='ocr_line' id='line_1_6' title="bbox 97 486 1341 542; baseline 0.002 -16"><span class='ocrx_word' id='word_1_32' title='bbox 97 486 151 526; x_wconf 79' lang='lat'>4..</span> <span class='ocrx_word' id='word_1_33' title='bbox 172 486 209 528; x_wconf 91' lang='grc' dir='ltr'><strong>Ο</strong></span> <span class='ocrx_word' id='word_1_34' title='bbox 227 487 345 527; x_wconf 86' lang='lat' dir='ltr'>mira</span> <span class='ocrx_word' id='word_1_35' title='bbox 372 488 494 529; x_wconf 87' lang='lat' dir='ltr'>circa</span> <span class='ocrx_word' id='word_1_36' title='bbox 518 499 602 528; x_wconf 89' lang='lat' dir='ltr'>nos</span> <span class='ocrx_word' id='word_1_37' title='bbox 623 491 731 528; x_wconf 87' lang='lat' dir='ltr'>tuae</span> <span class='ocrx_word' id='word_1_38' title='bbox 748 488 933 541; x_wconf 87' lang='lat' dir='ltr'>pietatis</span> <span class='ocrx_word' id='word_1_39' title='bbox 953 487 1184 541; x_wconf 84' lang='lat' dir='ltr'>dignatio,</span> <span class='ocrx_word' id='word_1_40' title='bbox 1219 488 1341 542; x_wconf 91' lang='lat' dir='ltr'>quod</span> 
     </span>
     <span class='ocr_line' id='line_1_7' title="bbox 14 557 1339 613; baseline 0.001 -15"><span class='ocrx_word' id='word_1_41' title='bbox 14 562 82 609; x_wconf 90' lang='lat' dir='ltr'>tu,</span> <span class='ocrx_word' id='word_1_42' title='bbox 99 557 298 599; x_wconf 81' lang='lat' dir='ltr'>Domine</span> <span class='ocrx_word' id='word_1_43' title='bbox 315 558 463 609; x_wconf 87' lang='lat' dir='ltr'>Deus,</span> <span class='ocrx_word' id='word_1_44' title='bbox 496 563 678 599; x_wconf 87' lang='lat' dir='ltr'>creator</span> <span class='ocrx_word' id='word_1_45' title='bbox 696 564 742 599; x_wconf 91' lang='lat' dir='ltr'>et</span> <span class='ocrx_word' id='word_1_46' title='bbox 757 557 1015 598; x_wconf 86' lang='lat' dir='ltr'>vivificator</span> <span class='ocrx_word' id='word_1_47' title='bbox 1033 559 1232 599; x_wconf 91' lang='lat' dir='ltr'>omnium</span> <span class='ocrx_word' id='word_1_48' title='bbox 1250 561 1339 613; x_wconf 88' lang='lat' dir='ltr'>spi-</span> 
     </span>
     <span class='ocr_line' id='line_1_8' title="bbox 12 628 1341 683; baseline 0.001 -15"><span class='ocrx_word' id='word_1_49' title='bbox 12 629 181 668; x_wconf 89' lang='lat' dir='ltr'>rituum</span> <span class='ocrx_word' id='word_1_50' title='bbox 208 628 267 668; x_wconf 89' lang='lat' dir='ltr'>ad</span> <span class='ocrx_word' id='word_1_51' title='bbox 283 628 609 682; x_wconf 81' lang='lat' dir='ltr'>pauperculam</span> <span class='ocrx_word' id='word_1_52' title='bbox 636 628 839 683; x_wconf 85' lang='lat' dir='ltr'>dignaris</span> <span class='ocrx_word' id='word_1_53' title='bbox 864 628 1021 669; x_wconf 84' lang='lat' dir='ltr'>venire</span> <span class='ocrx_word' id='word_1_54' title='bbox 1047 629 1266 680; x_wconf 85' lang='lat' dir='ltr'>animam,</span> <span class='ocrx_word' id='word_1_55' title='bbox 1296 635 1341 670; x_wconf 88' lang='lat' dir='ltr'>et</span> 
     </span>
     <span class='ocr_line' id='line_1_9' title="bbox 14 697 1338 754; baseline 0 -15"><span class='ocrx_word' id='word_1_56' title='bbox 14 711 113 739; x_wconf 88' lang='lat' dir='ltr'>cum</span> <span class='ocrx_word' id='word_1_57' title='bbox 130 703 230 739; x_wconf 86' lang='lat' dir='ltr'>tota</span> <span class='ocrx_word' id='word_1_58' title='bbox 248 698 486 740; x_wconf 87' lang='lat' dir='ltr'>divinitate</span> <span class='ocrx_word' id='word_1_59' title='bbox 503 703 583 739; x_wconf 89' lang='lat' dir='ltr'>tua</span> <span class='ocrx_word' id='word_1_60' title='bbox 601 711 655 740; x_wconf 92' lang='lat' dir='ltr'>ac</span> <span class='ocrx_word' id='word_1_61' title='bbox 666 697 950 740; x_wconf 81' lang='lat' dir='ltr'>humanitate</span> <span class='ocrx_word' id='word_1_62' title='bbox 971 699 1068 752; x_wconf 90' lang='lat' dir='ltr'>ejus</span> <span class='ocrx_word' id='word_1_63' title='bbox 1085 700 1338 754; x_wconf 84' lang='lat' dir='ltr'>impingua-</span> 
     </span>
     <span class='ocr_line' id='line_1_10' title="bbox 0 766 1338 824; baseline 0.003 -16"><span class='ocrx_word' id='word_1_64' title='bbox 0 781 62 809; x_wconf 58' lang='lat' dir='ltr'>,re</span> <span class='ocrx_word' id='word_1_65' title='bbox 82 766 298 809; x_wconf 85' lang='lat' dir='ltr'>esuriem!</span> <span class='ocrx_word' id='word_1_66' title='bbox 360 769 397 810; x_wconf 94' lang='grc' dir='ltr'><strong>Ο</strong></span> <span class='ocrx_word' id='word_1_67' title='bbox 416 767 530 810; x_wconf 79' lang='lat' dir='ltr'>felix</span> <span class='ocrx_word' id='word_1_68' title='bbox 553 782 681 810; x_wconf 85' lang='lat' dir='ltr'>mens</span> <span class='ocrx_word' id='word_1_69' title='bbox 709 775 755 810; x_wconf 85' lang='lat' dir='ltr'>et</span> <span class='ocrx_word' id='word_1_70' title='bbox 778 771 917 810; x_wconf 88' lang='lat' dir='ltr'>beata</span> <span class='ocrx_word' id='word_1_71' title='bbox 943 770 1115 821; x_wconf 86' lang='lat' dir='ltr'>anima,</span> <span class='ocrx_word' id='word_1_72' title='bbox 1151 783 1267 824; x_wconf 89' lang='lat' dir='ltr'>quae</span> <span class='ocrx_word' id='word_1_73' title='bbox 1293 775 1338 812; x_wconf 90' lang='lat' dir='ltr'>te</span> 
     </span>
     <span class='ocr_line' id='line_1_11' title="bbox 18 839 1342 893; baseline 0.002 -14"><span class='ocrx_word' id='word_1_74' title='bbox 18 839 259 879; x_wconf 89' lang='lat' dir='ltr'>Dominum</span> <span class='ocrx_word' id='word_1_75' title='bbox 276 839 424 880; x_wconf 91' lang='lat' dir='ltr'>Deum</span> <span class='ocrx_word' id='word_1_76' title='bbox 451 852 581 880; x_wconf 89' lang='lat' dir='ltr'>suum</span> <span class='ocrx_word' id='word_1_77' title='bbox 598 845 801 881; x_wconf 88' lang='lat' dir='ltr'>meretur</span> <span class='ocrx_word' id='word_1_78' title='bbox 818 839 984 880; x_wconf 88' lang='lat' dir='ltr'>devote</span> <span class='ocrx_word' id='word_1_79' title='bbox 1002 840 1236 893; x_wconf 85' lang='lat' dir='ltr'>suscipere</span> <span class='ocrx_word' id='word_1_80' title='bbox 1248 871 1260 891; x_wconf 94' lang='lat'>,</span> <span class='ocrx_word' id='word_1_81' title='bbox 1296 846 1342 881; x_wconf 89' lang='lat' dir='ltr'>et</span> 
     </span>
     <span class='ocr_line' id='line_1_12' title="bbox 17 907 1342 964; baseline 0.002 -16"><span class='ocrx_word' id='word_1_82' title='bbox 17 910 58 948; x_wconf 86' lang='lat' dir='ltr'>in</span> <span class='ocrx_word' id='word_1_83' title='bbox 75 909 142 949; x_wconf 86' lang='lat' dir='ltr'>tui</span> <span class='ocrx_word' id='word_1_84' title='bbox 159 910 451 963; x_wconf 84' lang='lat' dir='ltr'>susceptione</span> <span class='ocrx_word' id='word_1_85' title='bbox 470 909 699 963; x_wconf 85' lang='lat' dir='ltr'>spirituali</span> <span class='ocrx_word' id='word_1_86' title='bbox 717 909 887 964; x_wconf 86' lang='lat' dir='ltr'>gaudio</span> <span class='ocrx_word' id='word_1_87' title='bbox 904 907 1099 963; x_wconf 85' lang='lat' dir='ltr'>repleri!</span> <span class='ocrx_word' id='word_1_88' title='bbox 1149 909 1186 950; x_wconf 93' lang='grc' dir='ltr'><strong>Ο</strong></span> <span class='ocrx_word' id='word_1_89' title='bbox 1206 921 1342 964; x_wconf 90' lang='lat' dir='ltr'>quam</span> 
     </span>
     <span class='ocr_line' id='line_1_13' title="bbox 17 978 1344 1034; baseline 0.002 -16"><span class='ocrx_word' id='word_1_90' title='bbox 17 991 227 1033; x_wconf 85' lang='lat' dir='ltr'>magnum</span> <span class='ocrx_word' id='word_1_91' title='bbox 257 980 450 1033; x_wconf 84' lang='lat' dir='ltr'>suscipit</span> <span class='ocrx_word' id='word_1_92' title='bbox 471 980 742 1030; x_wconf 89' lang='lat' dir='ltr'>Dominum,</span> <span class='ocrx_word' id='word_1_93' title='bbox 772 991 907 1034; x_wconf 88' lang='lat' dir='ltr'>quam</span> <span class='ocrx_word' id='word_1_94' title='bbox 927 978 1144 1020; x_wconf 88' lang='lat' dir='ltr'>dilectum</span> <span class='ocrx_word' id='word_1_95' title='bbox 1167 979 1344 1020; x_wconf 85' lang='lat' dir='ltr'>inducit</span> 
     </span>
     <span class='ocr_line' id='line_1_14' title="bbox 18 1048 1342 1105; baseline 0.002 -16"><span class='ocrx_word' id='word_1_96' title='bbox 18 1048 257 1102; x_wconf 89' lang='lat' dir='ltr'>hospitem,</span> <span class='ocrx_word' id='word_1_97' title='bbox 277 1061 411 1104; x_wconf 87' lang='lat' dir='ltr'>quam</span> <span class='ocrx_word' id='word_1_98' title='bbox 425 1049 675 1104; x_wconf 88' lang='lat' dir='ltr'>jucundum</span> <span class='ocrx_word' id='word_1_99' title='bbox 691 1051 858 1105; x_wconf 87' lang='lat' dir='ltr'>recipit</span> <span class='ocrx_word' id='word_1_100' title='bbox 874 1050 1063 1100; x_wconf 89' lang='lat' dir='ltr'>socium,</span> <span class='ocrx_word' id='word_1_101' title='bbox 1080 1062 1216 1104; x_wconf 87' lang='lat' dir='ltr'>quam</span> <span class='ocrx_word' id='word_1_102' title='bbox 1232 1049 1342 1091; x_wconf 87' lang='lat' dir='ltr'>fide-</span> 
     </span>
     <span class='ocr_line' id='line_1_15' title="bbox 19 1119 1344 1175; baseline 0.001 -16"><span class='ocrx_word' id='word_1_103' title='bbox 19 1119 105 1160; x_wconf 85' lang='lat' dir='ltr'>lem</span> <span class='ocrx_word' id='word_1_104' title='bbox 129 1123 340 1174; x_wconf 85' lang='lat' dir='ltr'>acceptat</span> <span class='ocrx_word' id='word_1_105' title='bbox 361 1121 578 1172; x_wconf 89' lang='lat' dir='ltr'>amicum,</span> <span class='ocrx_word' id='word_1_106' title='bbox 608 1133 743 1175; x_wconf 86' lang='lat' dir='ltr'>quam</span> <span class='ocrx_word' id='word_1_107' title='bbox 771 1121 1031 1175; x_wconf 88' lang='lat' dir='ltr'>speciosum</span> <span class='ocrx_word' id='word_1_108' title='bbox 1065 1124 1112 1161; x_wconf 89' lang='lat' dir='ltr'>et</span> <span class='ocrx_word' id='word_1_109' title='bbox 1140 1120 1344 1161; x_wconf 89' lang='lat' dir='ltr'>nobilem</span> 
     </span>
     <span class='ocr_line' id='line_1_16' title="bbox 19 1189 1345 1245; baseline 0.001 -15"><span class='ocrx_word' id='word_1_110' title='bbox 19 1189 309 1244; x_wconf 86' lang='lat' dir='ltr'>amplectitur</span> <span class='ocrx_word' id='word_1_111' title='bbox 333 1204 550 1245; x_wconf 88' lang='lat' dir='ltr'>sponsum</span> <span class='ocrx_word' id='word_1_112' title='bbox 566 1203 679 1245; x_wconf 91' lang='lat' dir='ltr'>prae</span> <span class='ocrx_word' id='word_1_113' title='bbox 706 1191 914 1232; x_wconf 89' lang='lat' dir='ltr'>omnibus</span> <span class='ocrx_word' id='word_1_114' title='bbox 932 1189 1114 1231; x_wconf 87' lang='lat' dir='ltr'>dilectis</span> <span class='ocrx_word' id='word_1_115' title='bbox 1142 1195 1189 1231; x_wconf 91' lang='lat' dir='ltr'>et</span> <span class='ocrx_word' id='word_1_116' title='bbox 1207 1203 1345 1244; x_wconf 87' lang='lat' dir='ltr'>super</span> 
     </span>
     <span class='ocr_line' id='line_1_17' title="bbox 21 1259 1343 1310; baseline -0.002 -9"><span class='ocrx_word' id='word_1_117' title='bbox 21 1261 173 1301; x_wconf 86' lang='lat' dir='ltr'>omnia</span> <span class='ocrx_word' id='word_1_118' title='bbox 191 1260 520 1303; x_wconf 84' lang='lat' dir='ltr'>desiderabilia</span> <span class='ocrx_word' id='word_1_119' title='bbox 539 1260 803 1302; x_wconf 83' lang='lat' dir='ltr'>amandum!</span> <span class='ocrx_word' id='word_1_120' title='bbox 865 1261 1042 1303; x_wconf 87' lang='lat' dir='ltr'>Sileant</span> <span class='ocrx_word' id='word_1_121' title='bbox 1068 1272 1094 1299; x_wconf 91' lang='lat' dir='ltr'>a</span> <span class='ocrx_word' id='word_1_122' title='bbox 1111 1259 1232 1301; x_wconf 87' lang='lat' dir='ltr'>facie</span> <span class='ocrx_word' id='word_1_123' title='bbox 1248 1264 1343 1310; x_wconf 88' lang='lat' dir='ltr'>tua,</span> 
     </span>
     <span class='ocr_line' id='line_1_18' title="bbox 21 1331 1344 1384; baseline -0.002 -12"><span class='ocrx_word' id='word_1_124' title='bbox 21 1331 283 1373; x_wconf 87' lang='lat' dir='ltr'>dulcissime</span> <span class='ocrx_word' id='word_1_125' title='bbox 317 1331 483 1374; x_wconf 83' lang='lat' dir='ltr'>dilecte</span> <span class='ocrx_word' id='word_1_126' title='bbox 514 1346 666 1384; x_wconf 87' lang='lat' dir='ltr'>meus,</span> <span class='ocrx_word' id='word_1_127' title='bbox 701 1331 878 1373; x_wconf 88' lang='lat' dir='ltr'>coelum</span> <span class='ocrx_word' id='word_1_128' title='bbox 907 1335 952 1372; x_wconf 88' lang='lat' dir='ltr'>et</span> <span class='ocrx_word' id='word_1_129' title='bbox 975 1336 1100 1371; x_wconf 86' lang='lat' dir='ltr'>terra</span> <span class='ocrx_word' id='word_1_130' title='bbox 1125 1335 1171 1371; x_wconf 89' lang='lat' dir='ltr'>et</span> <span class='ocrx_word' id='word_1_131' title='bbox 1199 1331 1344 1371; x_wconf 87' lang='lat' dir='ltr'>omnis</span> 
     </span>
     <span class='ocr_line' id='line_1_19' title="bbox 19 1399 1346 1458; baseline -0.002 -15"><span class='ocrx_word' id='word_1_132' title='bbox 19 1408 207 1444; x_wconf 90' lang='lat' dir='ltr'>ornatus</span> <span class='ocrx_word' id='word_1_133' title='bbox 228 1415 408 1453; x_wconf 90' lang='lat' dir='ltr'>eorum,</span> <span class='ocrx_word' id='word_1_134' title='bbox 437 1404 650 1458; x_wconf 90' lang='lat' dir='ltr'>quoniam</span> <span class='ocrx_word' id='word_1_135' title='bbox 663 1433 675 1453; x_wconf 90' lang='lat'>‚</span> <span class='ocrx_word' id='word_1_136' title='bbox 700 1401 920 1456; x_wconf 90' lang='lat' dir='ltr'>quidquid</span> <span class='ocrx_word' id='word_1_137' title='bbox 937 1400 1086 1442; x_wconf 85' lang='lat' dir='ltr'>laudis</span> <span class='ocrx_word' id='word_1_138' title='bbox 1104 1399 1276 1442; x_wconf 87' lang='lat' dir='ltr'>habent</span> <span class='ocrx_word' id='word_1_139' title='bbox 1292 1414 1346 1441; x_wconf 91' lang='lat' dir='ltr'>ac</span> 
     </span>
     <span class='ocr_line' id='line_1_20' title="bbox 19 1470 1345 1528; baseline -0.002 -14"><span class='ocrx_word' id='word_1_140' title='bbox 19 1473 217 1524; x_wconf 89' lang='lat' dir='ltr'>decoris,</span> <span class='ocrx_word' id='word_1_141' title='bbox 246 1485 303 1514; x_wconf 81' lang='lat' dir='ltr'>ex</span> <span class='ocrx_word' id='word_1_142' title='bbox 321 1472 587 1528; x_wconf 85' lang='lat' dir='ltr'>dignatione</span> <span class='ocrx_word' id='word_1_143' title='bbox 605 1479 713 1514; x_wconf 84' lang='lat' dir='ltr'>tuae</span> <span class='ocrx_word' id='word_1_144' title='bbox 733 1476 803 1513; x_wconf 88' lang='lat' dir='ltr'>est</span> <span class='ocrx_word' id='word_1_145' title='bbox 818 1471 1063 1527; x_wconf 83' lang='lat' dir='ltr'>largitatis,</span> <span class='ocrx_word' id='word_1_146' title='bbox 1090 1484 1175 1512; x_wconf 89' lang='lat' dir='ltr'>nee</span> <span class='ocrx_word' id='word_1_147' title='bbox 1193 1470 1250 1511; x_wconf 90' lang='lat' dir='ltr'>ad</span> <span class='ocrx_word' id='word_1_148' title='bbox 1269 1470 1345 1511; x_wconf 90' lang='lat' dir='ltr'>de-</span> 
     </span>
     <span class='ocr_line' id='line_1_21' title="bbox 19 1542 1344 1597; baseline -0.004 -12"><span class='ocrx_word' id='word_1_149' title='bbox 19 1556 174 1585; x_wconf 87' lang='lat' dir='ltr'>corem</span> <span class='ocrx_word' id='word_1_150' title='bbox 192 1544 257 1584; x_wconf 91' lang='lat' dir='ltr'>tui</span> <span class='ocrx_word' id='word_1_151' title='bbox 274 1545 543 1597; x_wconf 86' lang='lat' dir='ltr'>pervenient</span> <span class='ocrx_word' id='word_1_152' title='bbox 563 1544 783 1594; x_wconf 89' lang='lat' dir='ltr'>nominis,</span> <span class='ocrx_word' id='word_1_153' title='bbox 820 1543 947 1597; x_wconf 84' lang='lat' dir='ltr'>cujus</span> <span class='ocrx_word' id='word_1_154' title='bbox 974 1542 1229 1597; x_wconf 86' lang='lat' dir='ltr'>sapientiae</span> <span class='ocrx_word' id='word_1_155' title='bbox 1255 1554 1344 1582; x_wconf 91' lang='lat' dir='ltr'>non</span> 
     </span>
     <span class='ocr_line' id='line_1_22' title="bbox 22 1619 333 1655; baseline -0.006 0"><span class='ocrx_word' id='word_1_156' title='bbox 22 1619 90 1655; x_wconf 88' lang='lat' dir='ltr'>est</span> <span class='ocrx_word' id='word_1_157' title='bbox 105 1626 333 1654; x_wconf 88' lang='lat' dir='ltr'>numerus.</span> 
     </span>
    </p>
   </div>
  </div>
 </body>
</html>
