1530 2517
333 119 597 157 CHRISTI
653 118 765 155 LIB.
794 118 826 155 1.
860 119 981 155 CAP.
1013 118 1079 153 22.
1321 115 1374 156 39

128 217 168 259 4.
205 217 242 259 Ο
260 216 412 258 insani
437 220 483 257 et
505 215 716 257 infideles
736 214 898 267 corde,
927 215 1005 270 qui
1029 219 1122 255 tam
1146 212 1375 268 profunde

44 289 91 329 in
107 287 303 329 terrenis
317 287 496 341 jacent,
523 290 574 326 ut
588 284 701 326 nihil
718 285 807 326 nisi
826 286 1030 327 carnalia
1047 283 1249 339 sapiant!
1285 284 1377 326 Sed

45 359 204 399 miseri
228 355 378 398 adhuc
400 357 447 397 in
472 356 561 397 fine
587 356 792 411 graviter
816 357 1037 407 sentient,
1065 367 1200 410 quam
1223 354 1313 396 vile
1333 360 1379 395 et

48 426 238 468 nihilum
257 432 357 469 erat
381 427 504 482 quod
530 430 811 467 amaverunt.
874 425 1031 468 Sancti
1048 431 1200 466 autem
1224 425 1315 466 Dei
1334 429 1380 466 et

50 511 208 539 omnes
235 498 391 540 devoti
423 499 558 539 amici
585 496 755 539 Christi
787 508 880 537 non
912 495 1226 546 attenderunt,
1262 507 1379 549 quae

52 569 177 609 carni
193 568 478 622 placuerunt,
490 582 575 610 nec
593 580 709 623 quae
726 568 774 607 in
783 565 873 608 hoc
889 571 1098 620 tempore
1109 565 1377 615 floruerunt,

49 638 133 680 sed
161 643 263 679 tota
295 652 400 693 spes
434 652 594 681 eorum
628 643 673 680 ct
709 638 903 679 intentio
947 636 1006 677 ad
1038 641 1227 677 aeterna
1256 636 1380 676 bona

51 707 311 750 anhelabat.
371 709 627 751 Ferebatur
642 712 791 749 totum
809 707 1088 748 desiderium
1107 719 1266 748 eorum
1283 718 1379 746 sur-

49 793 150 821 sum
167 779 226 820 ad
256 792 473 821 mansura
499 784 544 821 et
567 777 831 829 invisibilia,
864 791 921 818 ne
950 789 1107 820 amore
1131 776 1382 817 visibilium

49 848 343 892 traherentur
368 850 427 891 ad
450 850 620 891 infima.
682 849 815 900 Noli,
841 847 1010 900 frater,
1038 848 1248 888 amittere
1276 859 1380 887 con-

51 920 286 962 fidentiam
323 921 597 974 proficiendi
636 919 695 961 ad
726 919 1007 974 spiritualia,
1049 917 1198 959 adhuc
1235 916 1379 959 habes

47 997 225 1045 tempus
245 995 291 1032 et
306 989 482 1033 horam.

133 1074 173 1113 5.
208 1072 361 1122 Quare
400 1074 469 1114 vis
509 1072 850 1127 procrastinare
890 1073 1177 1126 propositum
1224 1069 1379 1112 tuum?

53 1144 201 1198 Surge
229 1148 274 1184 et
296 1144 344 1184 in
367 1144 558 1184 instanti
581 1145 754 1198 incipe,
783 1148 830 1185 et
847 1143 940 1185 dic:
966 1143 1099 1185 Nunc
1113 1148 1292 1196 tempus
1313 1147 1384 1183 est

50 1214 276 1265 faciendi,
316 1228 435 1256 nunc
464 1219 644 1268 tempus
678 1219 749 1256 est
778 1214 1034 1269 pugnandi,
1076 1227 1196 1254 nunc
1227 1219 1382 1266 aptum

51 1291 233 1338 tempus
260 1288 330 1325 est
355 1284 643 1325 emendandi.
707 1285 900 1335 Quando
925 1284 1045 1325 male
1071 1281 1215 1324 habes
1243 1289 1288 1324 et
1303 1283 1383 1323 tri-

53 1355 229 1396 bularis
240 1385 252 1405 ‚
278 1359 387 1395 tunc
402 1358 582 1407 tempus
601 1358 672 1395 est
686 1355 994 1408 promerendi.
1058 1354 1094 1395 Ο
1105 1367 1132 1407 p
1146 1366 1171 1394 ο
1181 1359 1234 1394 rt
1245 1367 1267 1394 e
1278 1358 1298 1394 t
1327 1359 1347 1394 t
1357 1366 1382 1394 e

52 1426 306 1466 transire
352 1437 380 1478 p
395 1437 452 1465 er
496 1425 682 1479 ignem
724 1429 779 1466 et
818 1437 1035 1479 aquam,
1084 1429 1382 1478 antequam

54 1497 253 1537 venias
292 1496 348 1535 in
386 1494 531 1536 refri
545 1508 575 1549 g
589 1496 780 1536 erium.
841 1496 943 1537 Nisi
975 1496 1058 1536 tibi
1081 1496 1172 1535 vim
1197 1494 1381 1546 feceris,

52 1567 214 1607 vitium
229 1578 322 1606 non
339 1566 594 1619 superabis.
657 1565 885 1615 Quamdiu
899 1565 1023 1607 istud
1032 1564 1199 1619 fragile
1218 1578 1383 1618 corpus

56 1638 258 1693 gerimus
270 1667 282 1688 ,
309 1637 408 1678 sine
433 1641 625 1690 peccato
655 1649 757 1678 esse
782 1649 874 1677 non
893 1648 1133 1690 possumus
1145 1666 1155 1686 ‚
1182 1649 1266 1677 nec
1284 1636 1382 1676 sine

55 1707 212 1749 taedio
248 1712 295 1748 et
333 1707 497 1748 dolore
535 1707 706 1748 vivere.
765 1708 988 1749 Libenter
1018 1705 1291 1747 haberemus
1325 1706 1382 1746 ab

58 1778 181 1819 omni
198 1778 386 1818 miseria
405 1777 627 1832 quietem3
653 1777 738 1818 sed
757 1778 863 1831 quia
879 1790 962 1831 per
978 1783 1216 1831 peccatum
1231 1777 1384 1831 perdi-

56 1848 203 1889 dimus
227 1848 559 1898 innocentiam,
587 1848 821 1889 amisimus
847 1849 985 1889 etiam
1008 1860 1164 1890 veram
1188 1848 1384 1889 beatitu-

55 1918 223 1960 dinem.
281 1917 392 1960 Ideo
429 1922 615 1971 oportet
637 1931 722 1959 nos
746 1923 905 1959 tenere
937 1919 1206 1972 patientiam
1233 1923 1279 1959 et
1293 1918 1383 1959 Dei

57 1993 327 2042 exspectare
344 1988 709 2028 misericordiam
720 2019 732 2040 ,
767 1988 796 2029 d
808 2001 833 2028 o
845 2002 874 2028 n
886 2001 909 2029 e
922 2002 946 2029 c
984 1993 1034 2029 tr
1045 2001 1107 2028 an
1120 2003 1141 2030 s
1154 2002 1178 2029 e
1190 1992 1246 2029 at
1275 1989 1383 2028 ini-

53 2059 150 2114 qui
163 2063 217 2099 ta
229 2072 250 2099 s
283 2056 400 2099 haec
418 2063 464 2099 et
478 2058 739 2099 mortalitas
759 2059 1062 2100 absorbeatur
1080 2071 1107 2099 a
1123 2060 1231 2099 vita.

139 2128 180 2170 6.
215 2129 252 2169 Ο
265 2133 435 2182 quanta
444 2128 675 2183 fragilitas
686 2127 899 2180 humana,
913 2142 1029 2184 quae
1041 2141 1222 2183 semper
1238 2139 1382 2182 prona

143 2272 175 2303 5.
200 2265 338 2303 Psalm.
355 2272 409 2311 65,
425 2272 463 2305 11
478 2268 548 2313 (66,
565 2268 636 2314 12).
728 2267 866 2303 psalm.
883 2272 925 2304 56
942 2269 1028 2313 (57),
1044 2273 1076 2303 2.
